112103014700300274392303012303312000000005463129783VEGETARIANO EL CALAFATE, S   
2200080147230301230301121432000000000079000000000000230301130774920      0009214
2301AB. OP.EN COMERCIO                    R-6000 PROPIA, AS105072087    4920AS10
2200080147230301230301175681000000000000350000000000230301130774920      0009215
2301OTROS GASTOS GESTION                  COM R-6000 PRO,AS105072087    4920AS10
2200080147230301230301121432000000000233700000000000230301130774920      0009216
2301AB. OP.EN COMERCIO                    R-VISA AJENA - AS105072087    4920AS10
2200080147230301230301175681000000000001050000000000230301130774920      0009217
2301OTROS GASTOS GESTION                  COM VISA AJENA AS105072087    4920AS10
2209260147230301230301025051000000001500000000000000230301               0009218
2301RTGRO SIN LTA/CHEQUE                  RTG.S/SOP.RTGRO SIN LTA/CHEQUE        
2219160012230301230301039981000000000051110000000000230302PC10200024020130009219
2301CORESECURITAS DIRECT ESPANA S.A.U.                                          
2302ES20000A26106013                   012820230222000169200180830              
2303        CUOTA MES DE MARZO 2023: 2303C00963729                              
2304                                                                            
2305                                   Vegetariano El Calafate Sl               
2200070147230302230302121432000000000106500000000000230302130774920      0009220
2301AB. OP.EN COMERCIO                    R-6000 PROPIA, AS105072087    4920AS10
2200070147230302230302175681000000000000480000000000230302130774920      0009221
2301OTROS GASTOS GESTION                  COM R-6000 PRO,AS105072087    4920AS10
2200070147230302230302121432000000000325430000000000230302130774920      0009222
2301AB. OP.EN COMERCIO                    R-VISA AJENA - AS105072087    4920AS10
2200070147230302230302175681000000000001450000000000230302130774920      0009223
2301OTROS GASTOS GESTION                  COM VISA AJENA AS105072087    4920AS10
22000000482303022302281254310000000000018800000000002303023020927074540260009224
2301COMP.TPV FISICO NACI                  LACARTAPORFA.COM                      
2211018076230302230302045901000000000024580000000000230302103T306174428740009225
2301VEGETARIANO EL CALAFATE, S.L.                                     B93480127 
2302                                                                            
2303        FRIAS PALMA MARICRUZ 25695712C                                      
2304                                                                            
2305JUZGADO DE 1  INSTANCIA 7 DE MALAGA                                         
22111420302303022303020154110000000010000000000000002303023021114598108870009226
2301DISP.CAJER N/ENTIDAD                  CAJ. 11.14         C032030K359        
2200070147230303230303121432000000000159400000000000230303130774920      0009227
2301AB. OP.EN COMERCIO                    R-6000 PROPIA, AS105072087    4920AS10
2200070147230303230303175681000000000000710000000000230303130774920      0009228
2301OTROS GASTOS GESTION                  COM R-6000 PRO,AS105072087    4920AS10
2200070147230303230303121432000000000371300000000000230303130774920      0009229
2301AB. OP.EN COMERCIO                    R-VISA AJENA - AS105072087    4920AS10
2200070147230303230303175681000000000001670000000000230303130774920      0009230
2301OTROS GASTOS GESTION                  COM VISA AJENA AS105072087    4920AS10
22000000482303032303011254310000000000159900000000002303033030935213281780009231
2301COM TPV FISICO INTER                  SpotifyES P2173A6335                  
2215548076230303230303045901000000000500000000000000230303103T306275325030009232
2301VEGETARIANO EL CALAFATE, S.L.                                     B93480127 
2302                                                                            
2303        2  mitad NOMINA febrero                                             
2304                                                                            
2305JOSÈ MANUEL JIMÈNEZ ¡LVAREZ                                                 
2200220147230304230304121432000000000736300000000000230306130774920      0009233
2301AB. OP.EN COMERCIO                    R-VISA AJENA - AS105072087    4920AS10
2200220147230304230304175681000000000003320000000000230306130774920      0009234
2301OTROS GASTOS GESTION                  COM VISA AJENA AS105072087    4920AS10
2200050147230305230305121432000000000040000000000000230306130774920      0009235
2301AB. OP.EN COMERCIO                    R-6000 PROPIA, AS105072087    4920AS10
2200050147230305230305175681000000000000180000000000230306130774920      0009236
2301OTROS GASTOS GESTION                  COM R-6000 PRO,AS105072087    4920AS10
2200050147230305230305121432000000001127500000000000230306130774920      0009237
2301AB. OP.EN COMERCIO                    R-VISA AJENA - AS105072087    4920AS10
2200050147230305230305175681000000000005080000000000230306130774920      0009238
2301OTROS GASTOS GESTION                  COM VISA AJENA AS105072087    4920AS10
22002700302303062303060419020000000000245800000000002303060303006270000680009239
2301JUZGADO DE 1  INSTANCIA 7 DE MALAGA                                         
2302                                                                            
2303                                                                            
2304                                                                            
2305VEGETARIANO EL CALAFATE, S.L.                                               
2203330012230306230306039401000000000922760000000000230306PC00100027020030009240
2301IMPUESTOS                             AEAT-IMPUE001000-292311058100         
2219090012230306230306159041000000001094960000000000230307T721483102030020009241
2301S/O/TRANF SEPA NOMIN                  ES7200730100-                         
2219090012230306230306159041000000001099000000000000230307T721483102030030009242
2301S/O/TRANF SEPA NOMIN                  ES6021030180-                         
2219090012230306230306999511000000000012200000000000230307PC10200003030120009243
2301COREEDENRED ESPANA, S.A.                                                    
2302ES47102A78881190                   2023061002988986                         
2303OTHR    PAGO FACTURA:FP-1598007 AFIL:105911                                 
2304                                                                            
2305                                   VEGETARIANO EL CALAFATE SL               
2219090012230306230306046001000000000340010000000000230307PC10200004030120009244
2301COREVICTORIA GESTION ASESORES S.L.                                          
2302ES29000B92012129                   01042042414230002010000000126            
2303        Fra. No:000477 NIF:B93480127 B.IMP:281.00 IVA:59.01 TOT:340.01  HONO
2304RARIOS FISCAL Y LABORAL:281.00                                              
2305                                   VEGETARIANO EL CALAFATE,S.L              
2200080147230307230307121432000000000057600000000000230307130774920      0009245
2301AB. OP.EN COMERCIO                    R-6000 PROPIA, AS105072087    4920AS10
2200080147230307230307175681000000000000260000000000230307130774920      0009246
2301OTROS GASTOS GESTION                  COM R-6000 PRO,AS105072087    4920AS10
2200080147230307230307121432000000000353100000000000230307130774920      0009247
2301AB. OP.EN COMERCIO                    R-VISA AJENA - AS105072087    4920AS10
2200080147230307230307175681000000000001580000000000230307130774920      0009248
2301OTROS GASTOS GESTION                  COM VISA AJENA AS105072087    4920AS10
22000000482303072303041254310000000000277100000000002303073070933245983310009249
2301COMP.TPV FISICO NACI                  ARSYS INTERNET SLU                    
2200060147230308230308121432000000000317050000000000230308130774920      0009250
2301AB. OP.EN COMERCIO                    R-VISA AJENA - AS105072087    4920AS10
2200060147230308230308175681000000000001420000000000230308130774920      0009251
2301OTROS GASTOS GESTION                  COM VISA AJENA AS105072087    4920AS10
2200060147230309230309121432000000000337350000000000230309130774920      0009252
2301AB. OP.EN COMERCIO                    R-VISA AJENA - AS105072087    4920AS10
2200060147230309230309175681000000000001510000000000230309130774920      0009253
2301OTROS GASTOS GESTION                  COM VISA AJENA AS105072087    4920AS10
2216590012230309230309039801000000000598660000000000230310PC10200009030110009254
2301COREELECTRICIDAD ELEIA, S.L.U.-ELECTRICIDAD ELEIA, S.L.                     
2302ES27364B88181441                   201-2097993-1700                         
2303        9041N13254220023                                                    
2304                                                                            
2305                                   VEGETARIANO EL CALAFATE SL               
2200050147230310230310121432000000000040700000000000230310130774920      0009255
2301AB. OP.EN COMERCIO                    R-6000 PROPIA, AS105072087    4920AS10
2200050147230310230310175681000000000000180000000000230310130774920      0009256
2301OTROS GASTOS GESTION                  COM R-6000 PRO,AS105072087    4920AS10
2200050147230310230310121432000000000263850000000000230310130774920      0009257
2301AB. OP.EN COMERCIO                    R-VISA AJENA - AS105072087    4920AS10
2200050147230310230310175681000000000001180000000000230310130774920      0009258
2301OTROS GASTOS GESTION                  COM VISA AJENA AS105072087    4920AS10
2217420012230310230310039811000000000038950000000000230313PC10200009030420009259
2301COREJAZZTEL                                                                 
2302ES91015A82009812                   00491500754JYDKQRR                       
2303        Consulte https://clientes.jazztel.com                               
2304                                                                            
2305                                   VEGETARIANO EL CALAFATE S.L.             
22194800302303102303100419120000000000217800000000002303130310006070106700009260
2301TOO GOOD TO GO SPAIN SL                                                     
2302BE-530745-20230310                                                          
2303                                                                            
2304                                                                            
2305Vegetariano El Calafate S.L                                                 
2200060147230311230311121432000000000065800000000000230313130774920      0009261
2301AB. OP.EN COMERCIO                    R-6000 PROPIA, AS105072087    4920AS10
2200060147230311230311175681000000000000300000000000230313130774920      0009262
2301OTROS GASTOS GESTION                  COM R-6000 PRO,AS105072087    4920AS10
2200060147230311230311121432000000000930450000000000230313130774920      0009263
2301AB. OP.EN COMERCIO                    R-VISA AJENA - AS105072087    4920AS10
2200060147230311230311175681000000000004200000000000230313130774920      0009264
2301OTROS GASTOS GESTION                  COM VISA AJENA AS105072087    4920AS10
2200050147230312230312121432000000000078900000000000230313130774920      0009265
2301AB. OP.EN COMERCIO                    R-6000 PROPIA, AS105072087    4920AS10
2200050147230312230312175681000000000000350000000000230313130774920      0009266
2301OTROS GASTOS GESTION                  COM R-6000 PRO,AS105072087    4920AS10
2200050147230312230312121432000000000543140000000000230313130774920      0009267
2301AB. OP.EN COMERCIO                    R-VISA AJENA - AS105072087    4920AS10
2200050147230312230312175681000000000002450000000000230313130774920      0009268
2301OTROS GASTOS GESTION                  COM VISA AJENA AS105072087    4920AS10
22104220302303132303130154110000000004000000000000002303133131042078577810009269
2301DISP.CAJER N/ENTIDAD                  CAJ. 10.42         C032030KB74        
2217000012230313230313159041000000001394610000000000230314T721483102030010009270
2301S/O/TRANF SEPA NOMIN                  ES2821030147-NOMINA JULIO 21          
2200050147230314230314121432000000000013900000000000230314130774920      0009271
2301AB. OP.EN COMERCIO                    R-6000 PROPIA, AS105072087    4920AS10
2200050147230314230314175681000000000000060000000000230314130774920      0009272
2301OTROS GASTOS GESTION                  COM R-6000 PRO,AS105072087    4920AS10
2200050147230314230314121432000000000299800000000000230314130774920      0009273
2301AB. OP.EN COMERCIO                    R-VISA AJENA - AS105072087    4920AS10
2200050147230314230314175681000000000001330000000000230314130774920      0009274
2301OTROS GASTOS GESTION                  COM VISA AJENA AS105072087    4920AS10
2217010012230314230314999511000000000042830000000000230315PC10200011030120009275
2301COREGC re TheFork                                                           
2302GB91ZZZSDDBARC0000007495895054     DEDA02G9Y069                             
2303                                                                            
2304                                                                            
2305                                   JOSE MANUEL JIMENE                       
2200060147230315230315121432000000000029300000000000230315130774920      0009276
2301AB. OP.EN COMERCIO                    R-6000 PROPIA, AS105072087    4920AS10
2200060147230315230315175681000000000000130000000000230315130774920      0009277
2301OTROS GASTOS GESTION                  COM R-6000 PRO,AS105072087    4920AS10
2200060147230315230315121432000000000371100000000000230315130774920      0009278
2301AB. OP.EN COMERCIO                    R-VISA AJENA - AS105072087    4920AS10
2200060147230315230315175681000000000001670000000000230315130774920      0009279
2301OTROS GASTOS GESTION                  COM VISA AJENA AS105072087    4920AS10
2211488076230315230315045901000000000070000000000000230315307454418542   0009280
2301VEGETARIANO EL CALAFATE, S.L.                                               
2302                                                                            
2303        ReparaciÛn lavavajillas                                             
2304                                                                            
2305DAVID CARMONA MARQUEZ                                                       
2217040012230315230315999511000000000064130000000000230316PC10200015030110009281
2301COREEXTINTORES SAN JOSE SL                                                  
2302ES31001B93186278                   2023-03-14-18.19.50.237810               
2303        EXTINTORES SAN JOSE, S.L., Factura 0202300424                       
2304                                                                            
2305                                   VEGETARIANO EL CALAFATES.L.              
2200060147230316230316121432000000000013400000000000230316130774920      0009282
2301AB. OP.EN COMERCIO                    R-6000 PROPIA, AS105072087    4920AS10
2200060147230316230316175681000000000000060000000000230316130774920      0009283
2301OTROS GASTOS GESTION                  COM R-6000 PRO,AS105072087    4920AS10
2200060147230316230316121432000000000273300000000000230316130774920      0009284
2301AB. OP.EN COMERCIO                    R-VISA AJENA - AS105072087    4920AS10
2200060147230316230316175681000000000001220000000000230316130774920      0009285
2301OTROS GASTOS GESTION                  COM VISA AJENA AS105072087    4920AS10
2200060147230317230317121432000000000068800000000000230317130774920      0009286
2301AB. OP.EN COMERCIO                    R-6000 PROPIA, AS105072087    4920AS10
2200060147230317230317175681000000000000310000000000230317130774920      0009287
2301OTROS GASTOS GESTION                  COM R-6000 PRO,AS105072087    4920AS10
2200060147230317230317121432000000000236750000000000230317130774920      0009288
2301AB. OP.EN COMERCIO                    R-VISA AJENA - AS105072087    4920AS10
2200060147230317230317175681000000000001050000000000230317130774920      0009289
2301OTROS GASTOS GESTION                  COM VISA AJENA AS105072087    4920AS10
2216440012230317230317999511000000000016350000000000230317PC10200016030420009290
2301CORESODEXO SOLUCIONES DE MOTIVACION-SODEXO SOLUCIONES DE MOTIVACION ESPANA  
2302ES98113A78604113                   201-2099793-694                          
2303        Efecto R0001/4744755/1                                              
2304                                                                            
2305                                   VEGETARIANO EL CALAFATE SL               
2200070147230318230318121432000000000565150000000000230320130774920      0009291
2301AB. OP.EN COMERCIO                    R-VISA AJENA - AS105072087    4920AS10
2200070147230318230318175681000000000002570000000000230320130774920      0009292
2301OTROS GASTOS GESTION                  COM VISA AJENA AS105072087    4920AS10
2200040147230319230319121432000000000484900000000000230320130774920      0009293
2301AB. OP.EN COMERCIO                    R-VISA AJENA - AS105072087    4920AS10
2200040147230319230319175681000000000002170000000000230320130774920      0009294
2301OTROS GASTOS GESTION                  COM VISA AJENA AS105072087    4920AS10
2219430048230320230320177021000000000032000000000000230321TM6CMCCPTM4CLOT0009295
2301COMISION Y GASTOS                     COM.MANTO. 5539620010489742           
2200050147230321230321121432000000000389300000000000230321130774920      0009296
2301AB. OP.EN COMERCIO                    R-VISA AJENA - AS105072087    4920AS10
2200050147230321230321175681000000000001730000000000230321130774920      0009297
2301OTROS GASTOS GESTION                  COM VISA AJENA AS105072087    4920AS10
22000000482303212303161254310000000000289700000000002303213210934035057630009298
2301COM TPV FISICO INTER                  AMAZON.ES*1X55K6AG4 AM                
2211020147230321230321025051000000000500000000000000230321               0009299
2301RTGRO SIN LTA/CHEQUE                  RTG.S/SOP.RTGRO SIN LTA/CHEQUE        
2200060147230322230322121432000000000368150000000000230322130774920      0009300
2301AB. OP.EN COMERCIO                    R-VISA AJENA - AS105072087    4920AS10
2200060147230322230322175681000000000001660000000000230322130774920      0009301
2301OTROS GASTOS GESTION                  COM VISA AJENA AS105072087    4920AS10
2200060147230323230323121432000000000081800000000000230323130774920      0009302
2301AB. OP.EN COMERCIO                    R-6000 PROPIA, AS105072087    4920AS10
2200060147230323230323175681000000000000360000000000230323130774920      0009303
2301OTROS GASTOS GESTION                  COM R-6000 PRO,AS105072087    4920AS10
2200060147230323230323121432000000000297800000000000230323130774920      0009304
2301AB. OP.EN COMERCIO                    R-VISA AJENA - AS105072087    4920AS10
2200060147230323230323175681000000000001320000000000230323130774920      0009305
2301OTROS GASTOS GESTION                  COM VISA AJENA AS105072087    4920AS10
2200050147230324230324121432000000000067800000000000230324130774920      0009306
2301AB. OP.EN COMERCIO                    R-6000 PROPIA, AS105072087    4920AS10
2200050147230324230324175681000000000000300000000000230324130774920      0009307
2301OTROS GASTOS GESTION                  COM R-6000 PRO,AS105072087    4920AS10
2200050147230324230324121432000000000157500000000000230324130774920      0009308
2301AB. OP.EN COMERCIO                    R-VISA AJENA - AS105072087    4920AS10
2200050147230324230324175681000000000000690000000000230324130774920      0009309
2301OTROS GASTOS GESTION                  COM VISA AJENA AS105072087    4920AS10
2200060147230325230325121432000000000124900000000000230327130774920      0009310
2301AB. OP.EN COMERCIO                    R-6000 PROPIA, AS105072087    4920AS10
2200060147230325230325175681000000000000560000000000230327130774920      0009311
2301OTROS GASTOS GESTION                  COM R-6000 PRO,AS105072087    4920AS10
2200060147230325230325121432000000000240100000000000230327130774920      0009312
2301AB. OP.EN COMERCIO                    R-VISA AJENA - AS105072087    4920AS10
2200060147230325230325175681000000000001070000000000230327130774920      0009313
2301OTROS GASTOS GESTION                  COM VISA AJENA AS105072087    4920AS10
2200060147230326230326121432000000000055600000000000230327130774920      0009314
2301AB. OP.EN COMERCIO                    R-6000 PROPIA, AS105072087    4920AS10
2200060147230326230326175681000000000000250000000000230327130774920      0009315
2301OTROS GASTOS GESTION                  COM R-6000 PRO,AS105072087    4920AS10
2200060147230326230326121432000000000525600000000000230327130774920      0009316
2301AB. OP.EN COMERCIO                    R-VISA AJENA - AS105072087    4920AS10
2200060147230326230326175681000000000002360000000000230327130774920      0009317
2301OTROS GASTOS GESTION                  COM VISA AJENA AS105072087    4920AS10
2210408076230327230327045901000000001000000000000000230327103T308682209910009318
2301VEGETARIANO EL CALAFATE, S.L.                                     B93480127 
2302                                                                            
2303        NOMINA marzo                                                        
2304                                                                            
2305JOSÈ MANUEL JIMÈNEZ ¡LVAREZ                                                 
221916000323032723032705531100000000021674000000000023032720230325337051 0009319
2301AMORTIZACION PTMO.                    PRESTAMO  2103-0147-0510005123        
2200050147230328230328121432000000000490550000000000230328130774920      0009320
2301AB. OP.EN COMERCIO                    R-VISA AJENA - AS105072087    4920AS10
2200050147230328230328175681000000000002210000000000230328130774920      0009321
2301OTROS GASTOS GESTION                  COM VISA AJENA AS105072087    4920AS10
2200060147230329230329121432000000000013400000000000230329130774920      0009322
2301AB. OP.EN COMERCIO                    R-6000 PROPIA, AS105072087    4920AS10
2200060147230329230329175681000000000000060000000000230329130774920      0009323
2301OTROS GASTOS GESTION                  COM R-6000 PRO,AS105072087    4920AS10
2200060147230329230329121432000000000184050000000000230329130774920      0009324
2301AB. OP.EN COMERCIO                    R-VISA AJENA - AS105072087    4920AS10
2200060147230329230329175681000000000000820000000000230329130774920      0009325
2301OTROS GASTOS GESTION                  COM VISA AJENA AS105072087    4920AS10
2200060147230330230330121432000000000055050000000000230330130774920      0009326
2301AB. OP.EN COMERCIO                    R-6000 PROPIA, AS105072087    4920AS10
2200060147230330230330175681000000000000250000000000230330130774920      0009327
2301OTROS GASTOS GESTION                  COM R-6000 PRO,AS105072087    4920AS10
2200060147230330230330121432000000000412150000000000230330130774920      0009328
2301AB. OP.EN COMERCIO                    R-VISA AJENA - AS105072087    4920AS10
2200060147230330230330175681000000000001840000000000230330130774920      0009329
2301OTROS GASTOS GESTION                  COM VISA AJENA AS105072087    4920AS10
22000000482303302303281254310000000000054500000000002303303300918051626240009330
2301COMP.TPV FISICO NACI                  LACARTAPORFA.COM                      
2200070147230331230331121432000000000058600000000000230331130774920      0009331
2301AB. OP.EN COMERCIO                    R-6000 PROPIA, AS105072087    4920AS10
2200070147230331230331175681000000000000260000000000230331130774920      0009332
2301OTROS GASTOS GESTION                  COM R-6000 PRO,AS105072087    4920AS10
2200070147230331230331121432000000000164450000000000230331130774920      0009333
2301AB. OP.EN COMERCIO                    R-VISA AJENA - AS105072087    4920AS10
2200070147230331230331175681000000000000730000000000230331130774920      0009334
2301OTROS GASTOS GESTION                  COM VISA AJENA AS105072087    4920AS10
2203340012230331230331039401000000002189430000000000230331PC00600029030010009335
2301CORETGSS. COTIZACION 001 REGIMEN GENERAL                                    
2302ES75001Q2827003A                   103T3088CCOAI0060002903230010001218      
2303GOVTGOVTCOD. LIQUIDACION: 29202300221048466    PERIODO: 02/2023-02/2023     
2304  AUTORIZADO: 006159                                                        
2305                                   VEGETARIANO EL CALAFATE SL               
3321030147003002743900074000000013243080004800000001225663200000000447667978    
88999999999999999999000306                                                      
