112103014700300274392304012304302000000004476679783VEGETARIANO EL CALAFATE, S   
2200060147230401230401121432000000000015400000000000230403130774920      0009336
2301AB. OP.EN COMERCIO                    R-VISA PROPIA, AS105072087    4920AS10
2200060147230401230401175681000000000000070000000000230403130774920      0009337
2301OTROS GASTOS GESTION                  COM VISA PROPIAAS105072087    4920AS10
2200060147230401230401121432000000000639900000000000230403130774920      0009338
2301AB. OP.EN COMERCIO                    R-VISA AJENA - AS105072087    4920AS10
2200060147230401230401175681000000000002880000000000230403130774920      0009339
2301OTROS GASTOS GESTION                  COM VISA AJENA AS105072087    4920AS10
2200050147230402230402121432000000000069350000000000230403130774920      0009340
2301AB. OP.EN COMERCIO                    R-6000 PROPIA, AS105072087    4920AS10
2200050147230402230402175681000000000000310000000000230403130774920      0009341
2301OTROS GASTOS GESTION                  COM R-6000 PRO,AS105072087    4920AS10
2200050147230402230402121432000000000294550000000000230403130774920      0009342
2301AB. OP.EN COMERCIO                    R-VISA AJENA - AS105072087    4920AS10
2200050147230402230402175681000000000001330000000000230403130774920      0009343
2301OTROS GASTOS GESTION                  COM VISA AJENA AS105072087    4920AS10
22110800892304032304030154110000000010000000000000002304034031108474583080009344
2301DISP.CAJER N/ENTIDAD                  CAJ. 11.08         C030089KG37        
2217020012230403230403039981000000000051110000000000230403PC10200030030110009345
2301CORESECURITAS DIRECT ESPANA S.A.U.                                          
2302ES20000A26106013                   012820230329000356100056180              
2303        CUOTA MES DE ABRIL 2023: 2304C01168801                              
2304                                                                            
2305                                   Vegetariano El Calafate Sl               
2200100147230404230404121432000000000013400000000000230404130774920      0009346
2301AB. OP.EN COMERCIO                    R-6000 PROPIA, AS105072087    4920AS10
2200100147230404230404175681000000000000060000000000230404130774920      0009347
2301OTROS GASTOS GESTION                  COM R-6000 PRO,AS105072087    4920AS10
2200100147230404230404121432000000000013400000000000230404130774920      0009348
2301AB. OP.EN COMERCIO                    R-VISA PROPIA, AS105072087    4920AS10
2200100147230404230404175681000000000000060000000000230404130774920      0009349
2301OTROS GASTOS GESTION                  COM VISA PROPIAAS105072087    4920AS10
2200100147230404230404121432000000000408800000000000230404130774920      0009350
2301AB. OP.EN COMERCIO                    R-VISA AJENA - AS105072087    4920AS10
2200100147230404230404175681000000000001860000000000230404130774920      0009351
2301OTROS GASTOS GESTION                  COM VISA AJENA AS105072087    4920AS10
22000000482304042304011254310000000000159900000000002304044040959424305540009352
2301COM TPV FISICO INTER                  SpotifyES P221D8D66B                  
2213008076230404230404045901000000000028680000000000230404103T309486488390009353
2301VEGETARIANO EL CALAFATE, S.L.                                     B93480127 
2302                                                                            
2303        Exp. 2958000005028820                                               
2304                                                                            
2305JUZGADO DE 1  INSTANCIA 7 DE MALAGA                                         
2200060147230405230405121432000000000102800000000000230404130774920      0009354
2301AB. OP.EN COMERCIO                    R-6000 PROPIA, AS105072087    4920AS10
2200060147230405230405175681000000000000460000000000230404130774920      0009355
2301OTROS GASTOS GESTION                  COM R-6000 PRO,AS105072087    4920AS10
2200060147230405230405121432000000000305950000000000230404130774920      0009356
2301AB. OP.EN COMERCIO                    R-VISA AJENA - AS105072087    4920AS10
2200060147230405230405175681000000000001370000000000230404130774920      0009357
2301OTROS GASTOS GESTION                  COM VISA AJENA AS105072087    4920AS10
22000000482304052304031254310000000000398900000000002304054050931591817710009358
2301COM TPV FISICO INTER                  Amazon.es*QS4CM5MF5                   
2217040012230405230405159041000000001094960000000000230405T721483104040010009359
2301S/O/TRANF SEPA NOMIN                  ES7200730100-                         
2217040012230405230405159041000000001094900000000000230405T721483104040030009360
2301S/O/TRANF SEPA NOMIN                  ES6021030180-                         
2217040012230405230405999511000000000012780000000000230405PC10200004040100009361
2301COREEDENRED ESPANA, S.A.                                                    
2302ES47102A78881190                   2023093004700762                         
2303OTHR    PAGO FACTURA:FP-1619239 AFIL:105911                                 
2304                                                                            
2305                                   VEGETARIANO EL CALAFATE SL               
2217040012230405230405046001000000000540010000000000230405PC10200005040220009362
2301COREVICTORIA GESTION ASESORES S.L.                                          
2302ES29000B92012129                   01042080751210002010000000143            
2303        Fra. No:000659 NIF:B93480127 B.IMP:281.00 IVA:59.01 TOT:540.01  HONO
2304RARIOS FISCAL Y LABORAL:281.00  REGISTRO.MERC.LIBROS/DEP.CTAS.:200.00       
2305                                   VEGETARIANO EL CALAFATE,S.L              
2200060147230406230406121432000000000019000000000000230406130774920      0009363
2301AB. OP.EN COMERCIO                    R-6000 PROPIA, AS105072087    4920AS10
2200060147230406230406175681000000000000090000000000230406130774920      0009364
2301OTROS GASTOS GESTION                  COM R-6000 PRO,AS105072087    4920AS10
2200060147230406230406121432000000000015400000000000230406130774920      0009365
2301AB. OP.EN COMERCIO                    R-VISA PROPIA, AS105072087    4920AS10
2200060147230406230406175681000000000000070000000000230406130774920      0009366
2301OTROS GASTOS GESTION                  COM VISA PROPIAAS105072087    4920AS10
2200060147230406230406121432000000000388800000000000230406130774920      0009367
2301AB. OP.EN COMERCIO                    R-VISA AJENA - AS105072087    4920AS10
2200060147230406230406175681000000000001750000000000230406130774920      0009368
2301OTROS GASTOS GESTION                  COM VISA AJENA AS105072087    4920AS10
2200050147230407230407121432000000000071200000000000230410130774920      0009369
2301AB. OP.EN COMERCIO                    R-6000 PROPIA, AS105072087    4920AS10
2200050147230407230407175681000000000000320000000000230410130774920      0009370
2301OTROS GASTOS GESTION                  COM R-6000 PRO,AS105072087    4920AS10
2200050147230407230407121432000000000269200000000000230410130774920      0009371
2301AB. OP.EN COMERCIO                    R-VISA AJENA - AS105072087    4920AS10
2200050147230407230407175681000000000001210000000000230410130774920      0009372
2301OTROS GASTOS GESTION                  COM VISA AJENA AS105072087    4920AS10
2200040147230408230408121432000000000039300000000000230410130774920      0009373
2301AB. OP.EN COMERCIO                    R-6000 PROPIA, AS105072087    4920AS10
2200040147230408230408175681000000000000180000000000230410130774920      0009374
2301OTROS GASTOS GESTION                  COM R-6000 PRO,AS105072087    4920AS10
2200040147230408230408121432000000000359400000000000230410130774920      0009375
2301AB. OP.EN COMERCIO                    R-VISA AJENA - AS105072087    4920AS10
2200040147230408230408175681000000000001620000000000230410130774920      0009376
2301OTROS GASTOS GESTION                  COM VISA AJENA AS105072087    4920AS10
2200050147230409230409121432000000000089100000000000230410130774920      0009377
2301AB. OP.EN COMERCIO                    R-6000 PROPIA, AS105072087    4920AS10
2200050147230409230409175681000000000000400000000000230410130774920      0009378
2301OTROS GASTOS GESTION                  COM R-6000 PRO,AS105072087    4920AS10
2200050147230409230409121432000000000426250000000000230410130774920      0009379
2301AB. OP.EN COMERCIO                    R-VISA AJENA - AS105072087    4920AS10
2200050147230409230409175681000000000001920000000000230410130774920      0009380
2301OTROS GASTOS GESTION                  COM VISA AJENA AS105072087    4920AS10
2207590028230410230410045901000000000510000000000000230410103T310088089120009381
2301VEGETARIANO EL CALAFATE, S.L.                                     B93480127 
230221030147003126732 - 00001                                                   
2303        ALQUILER FEBRERO 2023                                               
2304                                                                            
2305FCO PORTILLO                                                                
2207590028230410230410045901000000000510000000000000230410103T310088089130009382
2301VEGETARIANO EL CALAFATE, S.L.                                     B93480127 
230221030147003126757 - 00001                                                   
2303        ALQUILER FEBRERO 2023                                               
2304                                                                            
2305FRANCISCO JOSE MORENO                                                       
2200060147230411230411121432000000000487100000000000230411130774920      0009383
2301AB. OP.EN COMERCIO                    R-VISA AJENA - AS105072087    4920AS10
2200060147230411230411175681000000000002200000000000230411130774920      0009384
2301OTROS GASTOS GESTION                  COM VISA AJENA AS105072087    4920AS10
2217070012230411230411039801000000000622010000000000230411PC10200006040320009385
2301COREELECTRICIDAD ELEIA, S.L.                                                
2302ES27364B88181441                   2023-04-05-14.04.51.489588               
2303        9041N13313290023                                                    
2304                                                                            
2305                                   VEGETARIANO EL CALAFATE SL               
2200060147230412230412121432000000000011350000000000230412130774920      0009386
2301AB. OP.EN COMERCIO                    R-6000 PROPIA, AS105072087    4920AS10
2200060147230412230412175681000000000000050000000000230412130774920      0009387
2301OTROS GASTOS GESTION                  COM R-6000 PRO,AS105072087    4920AS10
2200060147230412230412121432000000000599050000000000230412130774920      0009388
2301AB. OP.EN COMERCIO                    R-VISA AJENA - AS105072087    4920AS10
2200060147230412230412175681000000000002680000000000230412130774920      0009389
2301OTROS GASTOS GESTION                  COM VISA AJENA AS105072087    4920AS10
22000000482304122304051254310000000000422300000000002304124120935133566250009390
2301COMP.TPV FISICO NACI                  ARSYS INTERNET SLU                    
22000000482304122304051254310000000000277100000000002304124120935133638660009391
2301COMP.TPV FISICO NACI                  ARSYS INTERNET SLU                    
2217020012230412230412039811000000000039020000000000230412PC10200011040240009392
2301COREJAZZTEL                                                                 
2302ES91015A82009812                   00491500754ZYNFYNF                       
2303        Consulte https://clientes.jazztel.com                               
2304                                                                            
2305                                   VEGETARIANO EL CALAFATE S.L.             
2200050147230413230413121432000000000289650000000000230413130774920      0009393
2301AB. OP.EN COMERCIO                    R-VISA AJENA - AS105072087    4920AS10
2200050147230413230413175681000000000001320000000000230413130774920      0009394
2301OTROS GASTOS GESTION                  COM VISA AJENA AS105072087    4920AS10
2216560012230413230413159041000000001394610000000000230413T721483104040020009395
2301S/O/TRANF SEPA NOMIN                  ES2821030147-NOMINA JULIO 21          
2216560012230413230413999511000000000382210000000000230413PC10200013040100009396
2301COREPREVENDA SALUD, S.L.                                                    
2302ES35001B02692093                   2023-04-12-13.48.50.147575               
2303        Factura P/966                                                       
2304                                                                            
2305                                   VEGETARIANO EL CALAFATES.L.              
2200060147230414230414121432000000000067900000000000230414130774920      0009397
2301AB. OP.EN COMERCIO                    R-6000 PROPIA, AS105072087    4920AS10
2200060147230414230414175681000000000000310000000000230414130774920      0009398
2301OTROS GASTOS GESTION                  COM R-6000 PRO,AS105072087    4920AS10
2200060147230414230414121432000000000373050000000000230414130774920      0009399
2301AB. OP.EN COMERCIO                    R-VISA AJENA - AS105072087    4920AS10
2200060147230414230414175681000000000001660000000000230414130774920      0009400
2301OTROS GASTOS GESTION                  COM VISA AJENA AS105072087    4920AS10
2200060147230415230415121432000000000015550000000000230417130774920      0009401
2301AB. OP.EN COMERCIO                    R-6000 PROPIA, AS105072087    4920AS10
2200060147230415230415175681000000000000070000000000230417130774920      0009402
2301OTROS GASTOS GESTION                  COM R-6000 PRO,AS105072087    4920AS10
2200060147230415230415121432000000000393500000000000230417130774920      0009403
2301AB. OP.EN COMERCIO                    R-VISA AJENA - AS105072087    4920AS10
2200060147230415230415175681000000000001760000000000230417130774920      0009404
2301OTROS GASTOS GESTION                  COM VISA AJENA AS105072087    4920AS10
2200050147230416230416121432000000000598300000000000230417130774920      0009405
2301AB. OP.EN COMERCIO                    R-VISA AJENA - AS105072087    4920AS10
2200050147230416230416175681000000000002680000000000230417130774920      0009406
2301OTROS GASTOS GESTION                  COM VISA AJENA AS105072087    4920AS10
2216490012230417230417039581000000000775390000000000230417PC16942914040020009407
2301CORECAJA DE SEGUROS REUNIDOS, S.A.                                          
2302ES46001A28013050                   103T3104CCOAI1694291404230020000077      
2303        POL.00000008/96251628 MULTIRRIESGO CL ANDRES PEREZ  4 LOCAL 6 Y 3 RE
2304C.3994702 EFECTO 15-04-23 A 15-04-24 ENVIO RECIBO A DOMICILIO DE POLIZA     
2305                                   VEGETARIANO EL CALAFATE, S.L.            
2216490012230417230417999511000000000034270000000000230417PC10200014040130009408
2301COREGC re TheFork                                                           
2302GB91ZZZSDDBARC0000007495895054     DEDA03YYH103                             
2303                                                                            
2304                                                                            
2305                                   JOSE MANUEL JIMENE                       
2200050147230418230418121432000000000016000000000000230418130774920      0009409
2301AB. OP.EN COMERCIO                    R-6000 PROPIA, AS105072087    4920AS10
2200050147230418230418175681000000000000070000000000230418130774920      0009410
2301OTROS GASTOS GESTION                  COM R-6000 PRO,AS105072087    4920AS10
2200050147230418230418121432000000000345300000000000230418130774920      0009411
2301AB. OP.EN COMERCIO                    R-VISA AJENA - AS105072087    4920AS10
2200050147230418230418175681000000000001530000000000230418130774920      0009412
2301OTROS GASTOS GESTION                  COM VISA AJENA AS105072087    4920AS10
22000000482304182304151254310000000000629000000000002304184180928476919050009413
2301COM TPV FISICO INTER                  Amazon.es*7X8MJ42F5                   
22135801472304182304180154110000000004000000000000002304184181358556382620009414
2301DISP.CAJER N/ENTIDAD                  CAJ. 13.58         C030147KL19        
2217150012230418230418999511000000000006220000000000230418PC10200018040100009415
2301CORESODEXO SOLUCIONES DE MOTIVACION-SODEXO SOLUCIONES DE MOTIVACION ESPANA  
2302ES98113A78604113                   201-2107910-690                          
2303        Efecto R0001/4764100/1                                              
2304                                                                            
2305                                   VEGETARIANO EL CALAFATE SL               
2200060147230419230419121432000000000012900000000000230419130774920      0009416
2301AB. OP.EN COMERCIO                    R-6000 PROPIA, AS105072087    4920AS10
2200060147230419230419175681000000000000060000000000230419130774920      0009417
2301OTROS GASTOS GESTION                  COM R-6000 PRO,AS105072087    4920AS10
2200060147230419230419121432000000000410450000000000230419130774920      0009418
2301AB. OP.EN COMERCIO                    R-VISA AJENA - AS105072087    4920AS10
2200060147230419230419175681000000000001840000000000230419130774920      0009419
2301OTROS GASTOS GESTION                  COM VISA AJENA AS105072087    4920AS10
2200060147230420230420121432000000000013400000000000230420130774920      0009420
2301AB. OP.EN COMERCIO                    R-6000 PROPIA, AS105072087    4920AS10
2200060147230420230420175681000000000000060000000000230420130774920      0009421
2301OTROS GASTOS GESTION                  COM R-6000 PRO,AS105072087    4920AS10
2200060147230420230420121432000000000303740000000000230420130774920      0009422
2301AB. OP.EN COMERCIO                    R-VISA AJENA - AS105072087    4920AS10
2200060147230420230420175681000000000001360000000000230420130774920      0009423
2301OTROS GASTOS GESTION                  COM VISA AJENA AS105072087    4920AS10
2203320012230420230420039401000000000327000000000000230420PC00100118040010009424
2301IMPUESTOS                             DOMIC.AEAT001001-111446898366         
2203320012230420230420039401000000000570000000000000230420PC00100118040010009425
2301IMPUESTOS                             DOMIC.AEAT001001-115441951598         
2203320012230420230420039401000000000086070000000000230420PC00100118040010009426
2301IMPUESTOS                             DOMIC.AEAT001001-202447121177         
2200060147230421230421121432000000000026800000000000230421130774920      0009427
2301AB. OP.EN COMERCIO                    R-6000 PROPIA, AS105072087    4920AS10
2200060147230421230421175681000000000000120000000000230421130774920      0009428
2301OTROS GASTOS GESTION                  COM R-6000 PRO,AS105072087    4920AS10
2200060147230421230421121432000000000424450000000000230421130774920      0009429
2301AB. OP.EN COMERCIO                    R-VISA AJENA - AS105072087    4920AS10
2200060147230421230421175681000000000001890000000000230421130774920      0009430
2301OTROS GASTOS GESTION                  COM VISA AJENA AS105072087    4920AS10
2200080147230422230422121432000000000031300000000000230424130774920      0009431
2301AB. OP.EN COMERCIO                    R-6000 PROPIA, AS105072087    4920AS10
2200080147230422230422175681000000000000140000000000230424130774920      0009432
2301OTROS GASTOS GESTION                  COM R-6000 PRO,AS105072087    4920AS10
2200080147230422230422121432000000000798600000000000230424130774920      0009433
2301AB. OP.EN COMERCIO                    R-VISA AJENA - AS105072087    4920AS10
2200080147230422230422175681000000000003600000000000230424130774920      0009434
2301OTROS GASTOS GESTION                  COM VISA AJENA AS105072087    4920AS10
2200050147230423230423121432000000000031300000000000230424130774920      0009435
2301AB. OP.EN COMERCIO                    R-6000 PROPIA, AS105072087    4920AS10
2200050147230423230423175681000000000000140000000000230424130774920      0009436
2301OTROS GASTOS GESTION                  COM R-6000 PRO,AS105072087    4920AS10
2200050147230423230423121432000000000834350000000000230424130774920      0009437
2301AB. OP.EN COMERCIO                    R-VISA AJENA - AS105072087    4920AS10
2200050147230423230423175681000000000003760000000000230424130774920      0009438
2301OTROS GASTOS GESTION                  COM VISA AJENA AS105072087    4920AS10
22191100482304242304241254310000000000747700000000002304254241911310453100009439
2301COMP.TPV FISICO NACI                  BAUHAUS MALAGA                        
22195600482304242304241254310000000000251900000000002304254241956391257380009440
2301COMP.TPV FISICO NACI                  SAMOYNOSTRUM                          
2200060147230425230425121432000000000013900000000000230425130774920      0009441
2301AB. OP.EN COMERCIO                    R-6000 PROPIA, AS105072087    4920AS10
2200060147230425230425175681000000000000060000000000230425130774920      0009442
2301OTROS GASTOS GESTION                  COM R-6000 PRO,AS105072087    4920AS10
2200060147230425230425121432000000000635550000000000230425130774920      0009443
2301AB. OP.EN COMERCIO                    R-VISA AJENA - AS105072087    4920AS10
2200060147230425230425175681000000000002850000000000230425130774920      0009444
2301OTROS GASTOS GESTION                  COM VISA AJENA AS105072087    4920AS10
22000000482304252304221254310000000000605000000000002304254250933219180370009445
2301COMP.TPV FISICO NACI                  ARSYS INTERNET SLU                    
221914000323042523042505531100000000021674000000000023042520230425337051 0009446
2301AMORTIZACION PTMO.                    PRESTAMO  2103-0147-0510005123        
2200060147230426230426121432000000000039050000000000230426130774920      0009447
2301AB. OP.EN COMERCIO                    R-6000 PROPIA, AS105072087    4920AS10
2200060147230426230426175681000000000000170000000000230426130774920      0009448
2301OTROS GASTOS GESTION                  COM R-6000 PRO,AS105072087    4920AS10
2200060147230426230426121432000000000225700000000000230426130774920      0009449
2301AB. OP.EN COMERCIO                    R-VISA AJENA - AS105072087    4920AS10
2200060147230426230426175681000000000001000000000000230426130774920      0009450
2301OTROS GASTOS GESTION                  COM VISA AJENA AS105072087    4920AS10
22000000482304262304241254310000000000484800000000002304264260921537541430009451
2301COM TPV FISICO INTER                  AMZN Mktp ES*K26HI7NS5                
2216450012230426230426039391000000000110130000000000230426PC10200026040100009452
2301COREEMPRESA MUNICIPAL AGUAS MALAGA SA                                       
2302ES12001A29185519                   202304201995304956                       
2303OTHR    EMASA Cuenta Contrato 3268055/Calculo del consumo/Ref. Factura 2023E
2304MFF1373581                                                                  
2305                                   FRANCISCO JOSE MORENO RUBIO              
2200060147230427230427121432000000000211850000000000230427130774920      0009453
2301AB. OP.EN COMERCIO                    R-VISA AJENA - AS105072087    4920AS10
2200060147230427230427175681000000000000950000000000230427130774920      0009454
2301OTROS GASTOS GESTION                  COM VISA AJENA AS105072087    4920AS10
22114401472304272304270154110000000003000000000000002304274271144158255750009455
2301DISP.CAJER N/ENTIDAD                  CAJ. 11.44         C030147K379        
2200060147230428230428121432000000000052100000000000230428130774920      0009456
2301AB. OP.EN COMERCIO                    R-6000 PROPIA, AS105072087    4920AS10
2200060147230428230428175681000000000000240000000000230428130774920      0009457
2301OTROS GASTOS GESTION                  COM R-6000 PRO,AS105072087    4920AS10
2200060147230428230428121432000000000176150000000000230428130774920      0009458
2301AB. OP.EN COMERCIO                    R-VISA AJENA - AS105072087    4920AS10
2200060147230428230428175681000000000000790000000000230428130774920      0009459
2301OTROS GASTOS GESTION                  COM VISA AJENA AS105072087    4920AS10
2203340012230428230428159421000000002194850000000000230428PC00600026040010009460
2301CORETGSS. COTIZACION 001 REGIMEN GENERAL                                    
2302ES75001Q2827003A                   103T3116CCOAI0060002604230010001219      
2303GOVTGOVTCOD. LIQUIDACION: 29202300231527803    PERIODO: 03/2023-03/2023     
2304  AUTORIZADO: 006159                                                        
2305                                   VEGETARIANO EL CALAFATE SL               
22000000482304282304261254310000000001050000000000002304284280923059484200009461
2301COM TPV FISICO INTER                  AMZN Mktp ES*784ZU50B5                
2200070147230429230429121432000000000050000000000000230502130774920      0009462
2301AB. OP.EN COMERCIO                    R-6000 PROPIA, AS105072087    4920AS10
2200070147230429230429175681000000000000230000000000230502130774920      0009463
2301OTROS GASTOS GESTION                  COM R-6000 PRO,AS105072087    4920AS10
2200070147230429230429121432000000000510750000000000230502130774920      0009464
2301AB. OP.EN COMERCIO                    R-VISA AJENA - AS105072087    4920AS10
2200070147230429230429175681000000000002300000000000230502130774920      0009465
2301OTROS GASTOS GESTION                  COM VISA AJENA AS105072087    4920AS10
2211568076230429230429045901000000000500000000000000230502103TRF2023042910009466
2301VEGETARIANO EL CALAFATE, S.L.                                               
2302NOTPROVIDED                                                                 
2303    OTHRMitad nomina abril                                                  
2304                                                                            
2305JOSe MANUEL JIMeNEZ ALVAREZ                                                 
2211568076230429230429175611000000000005000000000000230502TM6CMCCPTI6CMTR0009467
2301COMISION TRANSFERENC                  COMISION TRANSFERENCIA                
2200050147230430230430121432000000000016000000000000230502130774920      0009468
2301AB. OP.EN COMERCIO                    R-6000 PROPIA, AS105072087    4920AS10
2200050147230430230430175681000000000000070000000000230502130774920      0009469
2301OTROS GASTOS GESTION                  COM R-6000 PRO,AS105072087    4920AS10
2200050147230430230430121432000000000436200000000000230502130774920      0009470
2301AB. OP.EN COMERCIO                    R-VISA AJENA - AS105072087    4920AS10
2200050147230430230430175681000000000001960000000000230502130774920      0009471
2301OTROS GASTOS GESTION                  COM VISA AJENA AS105072087    4920AS10
3321030147003002743900086000000013362500005000000001199249200000000310666978    
88999999999999999999000334                                                      
