112103014700300274392305022305312000000003106669783VEGETARIANO EL CALAFATE, S   
2200040147230502230502121432000000000336300000000000230502130774920      0009472
2301AB. OP.EN COMERCIO                    R-VISA AJENA - AS105072087    4920AS10
2200040147230502230502175681000000000001510000000000230502130774920      0009473
2301OTROS GASTOS GESTION                  COM VISA AJENA AS105072087    4920AS10
22111500892305022305020154110000000003000000000000002305025021115049836650009474
2301DISP.CAJER N/ENTIDAD                  CAJ. 11.15         C030089KB74        
2216570012230502230502039981000000000051110000000000230502PC10200027040110009475
2301CORESECURITAS DIRECT ESPANA S.A.U.                                          
2302ES20000A26106013                   012820230424000203000156410              
2303        CUOTA MES DE MAYO 2023: 2305C00934022                               
2304                                                                            
2305                                   Vegetariano El Calafate Sl               
2200100147230503230503121432000000000010900000000000230503130774920      0009476
2301AB. OP.EN COMERCIO                    R-6000 PROPIA, AS105072087    4920AS10
2200100147230503230503175681000000000000050000000000230503130774920      0009477
2301OTROS GASTOS GESTION                  COM R-6000 PRO,AS105072087    4920AS10
2200100147230503230503121432000000000426000000000000230503130774920      0009478
2301AB. OP.EN COMERCIO                    R-VISA AJENA - AS105072087    4920AS10
2200100147230503230503175681000000000001910000000000230503130774920      0009479
2301OTROS GASTOS GESTION                  COM VISA AJENA AS105072087    4920AS10
22000000482305032304299817520000000000629000000000002305035030934465780840009480
2301RETROCES.TPV FISICO                   AMZ*Amazon.es                         
22000000482305032304281254310000000000121900000000002305035030934465861730009481
2301COMP.TPV FISICO NACI                  LACARTAPORFA.COM                      
22000000482305032305011254310000000000159900000000002305035030934465950600009482
2301COM TPV FISICO INTER                  SpotifyES P22C7DB526                  
2200070147230504230504121432000000000027300000000000230504130774920      0009483
2301AB. OP.EN COMERCIO                    R-6000 AJENA - AS105072087    4920AS10
2200070147230504230504175681000000000000120000000000230504130774920      0009484
2301OTROS GASTOS GESTION                  COM R-6000 AJE.AS105072087    4920AS10
2200070147230504230504121432000000000174250000000000230504130774920      0009485
2301AB. OP.EN COMERCIO                    R-VISA AJENA - AS105072087    4920AS10
2200070147230504230504175681000000000000780000000000230504130774920      0009486
2301OTROS GASTOS GESTION                  COM VISA AJENA AS105072087    4920AS10
2217080012230504230504999511000000000015580000000000230504PC10200003050120009487
2301COREEDENRED ESPANA, S.A.                                                    
2302ES47102A78881190                   2023122005191504                         
2303OTHR    PAGO FACTURA:FP-1639573 AFIL:105911                                 
2304                                                                            
2305                                   VEGETARIANO EL CALAFATE SL               
2217080012230504230504046001000000000340010000000000230504PC10200004050110009488
2301COREVICTORIA GESTION ASESORES S.L.                                          
2302ES29000B92012129                   01042111267000002010000000125            
2303        Fra. No:000849 NIF:B93480127 B.IMP:281.00 IVA:59.01 TOT:340.01  HONO
2304RARIOS FISCAL Y LABORAL:281.00                                              
2305                                   VEGETARIANO EL CALAFATE,S.L              
2200060147230505230505121432000000000225750000000000230505130774920      0009489
2301AB. OP.EN COMERCIO                    R-VISA AJENA - AS105072087    4920AS10
2200060147230505230505175681000000000001000000000000230505130774920      0009490
2301OTROS GASTOS GESTION                  COM VISA AJENA AS105072087    4920AS10
2200060147230506230506121432000000000045200000000000230508130774920      0009491
2301AB. OP.EN COMERCIO                    R-6000 PROPIA, AS105072087    4920AS10
2200060147230506230506175681000000000000200000000000230508130774920      0009492
2301OTROS GASTOS GESTION                  COM R-6000 PRO,AS105072087    4920AS10
2200060147230506230506121432000000000253700000000000230508130774920      0009493
2301AB. OP.EN COMERCIO                    R-VISA AJENA - AS105072087    4920AS10
2200060147230506230506175681000000000001140000000000230508130774920      0009494
2301OTROS GASTOS GESTION                  COM VISA AJENA AS105072087    4920AS10
22000000482305062305041254310000000000215000000000002305085060941137783120009495
2301COM TPV FISICO INTER                  AMZN Mktp ES*A17Q48YX5                
22000000482305062305031254310000000000277100000000002305085060941137858000009496
2301COMP.TPV FISICO NACI                  ARSYS INTERNET SLU                    
22102501472305062305060154110000000010000000000000002305085061025171204200009497
2301DISP.CAJER N/ENTIDAD                  CAJ. 10.25         C030147KF17        
2212258076230506230508045901000000000028680000000000230508103T312898009420009498
2301VEGETARIANO EL CALAFATE, S.L.                                     B93480127 
2302                                                                            
2303        Exp. 2958000005028820                                               
2304                                                                            
2305JUZGADO DE 1  INSTANCIA 7 DE MALAGA                                         
2200060147230507230507121432000000000080000000000000230508130774920      0009499
2301AB. OP.EN COMERCIO                    R-6000 PROPIA, AS105072087    4920AS10
2200060147230507230507175681000000000000360000000000230508130774920      0009500
2301OTROS GASTOS GESTION                  COM R-6000 PRO,AS105072087    4920AS10
2200060147230507230507121432000000000693700000000000230508130774920      0009501
2301AB. OP.EN COMERCIO                    R-VISA AJENA - AS105072087    4920AS10
2200060147230507230507175681000000000003120000000000230508130774920      0009502
2301OTROS GASTOS GESTION                  COM VISA AJENA AS105072087    4920AS10
22102800482305082305081254310000000000036500000000002305085081028033460960009503
2301COMP.TPV FISICO NACI                  SUPERMERCADO MASKOM                   
2216520012230508230508159041000000001094900000000000230508T721483105050010009504
2301S/O/TRANF SEPA NOMIN                  ES6021030180-                         
2216520012230508230508159041000000001094960000000000230508T721483105050020009505
2301S/O/TRANF SEPA NOMIN                  ES7200730100-                         
2200050147230509230509121432000000000463350000000000230509130774920      0009506
2301AB. OP.EN COMERCIO                    R-VISA AJENA - AS105072087    4920AS10
2200050147230509230509175681000000000002090000000000230509130774920      0009507
2301OTROS GASTOS GESTION                  COM VISA AJENA AS105072087    4920AS10
2200050147230509230509121432000000000013900000000000230509130774920      0009508
2301AB. OP.EN COMERCIO                    R-VISA PROPIA, AS105072087    4920AS10
2200050147230509230509175681000000000000060000000000230509130774920      0009509
2301OTROS GASTOS GESTION                  COM VISA PROPIAAS105072087    4920AS10
2200050147230509230509121432000000000013800000000000230509130774920      0009510
2301AB. OP.EN COMERCIO                    R-6000 PROPIA, AS105072087    4920AS10
2200050147230509230509175681000000000000060000000000230509130774920      0009511
2301OTROS GASTOS GESTION                  COM R-6000 PRO,AS105072087    4920AS10
2200060147230510230510121432000000000359600000000000230510130774920      0009512
2301AB. OP.EN COMERCIO                    R-VISA AJENA - AS105072087    4920AS10
2200060147230510230510175681000000000001610000000000230510130774920      0009513
2301OTROS GASTOS GESTION                  COM VISA AJENA AS105072087    4920AS10
2200060147230510230510121432000000000030550000000000230510130774920      0009514
2301AB. OP.EN COMERCIO                    R-6000 PROPIA, AS105072087    4920AS10
2200060147230510230510175681000000000000140000000000230510130774920      0009515
2301OTROS GASTOS GESTION                  COM R-6000 PRO,AS105072087    4920AS10
2200050147230511230511121432000000000583100000000000230511130774920      0009516
2301AB. OP.EN COMERCIO                    R-VISA AJENA - AS105072087    4920AS10
2200050147230511230511175681000000000002620000000000230511130774920      0009517
2301OTROS GASTOS GESTION                  COM VISA AJENA AS105072087    4920AS10
2200050147230511230511121432000000000049100000000000230511130774920      0009518
2301AB. OP.EN COMERCIO                    R-6000 PROPIA, AS105072087    4920AS10
2200050147230511230511175681000000000000220000000000230511130774920      0009519
2301OTROS GASTOS GESTION                  COM R-6000 PRO,AS105072087    4920AS10
22114700482305112305111254310000000000850000000000002305115111147336279170009520
2301COMP.TPV FISICO NACI                  INAGAS 2001 MALAGA                    
2200050147230512230512121432000000000225550000000000230512130774920      0009521
2301AB. OP.EN COMERCIO                    R-VISA AJENA - AS105072087    4920AS10
2200050147230512230512175681000000000001010000000000230512130774920      0009522
2301OTROS GASTOS GESTION                  COM VISA AJENA AS105072087    4920AS10
2210528076230512230512045901000000000500000000000000230512103TRF2023051210009523
2301VEGETARIANO EL CALAFATE, S.L.                                               
2302NOTPROVIDED                                                                 
2303    OTHRMitad nomina  Abril 2023                                            
2304                                                                            
2305JOSe MANUEL JIMeNEZ ALVAREZ                                                 
2210528076230512230512175611000000000005000000000000230512TM6CMCCPTI6CMTR0009524
2301COMISION TRANSFERENC                  COMISION TRANSFERENCIA                
2216580012230512230512039811000000000040950000000000230512PC10200011050400009525
2301COREJAZZTEL                                                                 
2302ES91015A82009812                   00491500754RYTPCNN                       
2303        Consulte https://clientes.jazztel.com                               
2304                                                                            
2305                                   VEGETARIANO EL CALAFATE S.L.             
2200070147230513230513121432000000001052750000000000230515130774920      0009526
2301AB. OP.EN COMERCIO                    R-VISA AJENA - AS105072087    4920AS10
2200070147230513230513175681000000000004740000000000230515130774920      0009527
2301OTROS GASTOS GESTION                  COM VISA AJENA AS105072087    4920AS10
2200070147230513230513121432000000000080700000000000230515130774920      0009528
2301AB. OP.EN COMERCIO                    R-6000 PROPIA, AS105072087    4920AS10
2200070147230513230513175681000000000000370000000000230515130774920      0009529
2301OTROS GASTOS GESTION                  COM R-6000 PRO,AS105072087    4920AS10
2200060147230514230514121432000000000562450000000000230515130774920      0009530
2301AB. OP.EN COMERCIO                    R-VISA AJENA - AS105072087    4920AS10
2200060147230514230514175681000000000002530000000000230515130774920      0009531
2301OTROS GASTOS GESTION                  COM VISA AJENA AS105072087    4920AS10
2200060147230514230514121432000000000098100000000000230515130774920      0009532
2301AB. OP.EN COMERCIO                    R-6000 PROPIA, AS105072087    4920AS10
2200060147230514230514175681000000000000440000000000230515130774920      0009533
2301OTROS GASTOS GESTION                  COM R-6000 PRO,AS105072087    4920AS10
2216540012230515230515999511000000000022840000000000230515PC10200012050360009534
2301COREGC re TheFork                                                           
2302GB91ZZZSDDBARC0000007495895054     DEDA02WD6132                             
2303                                                                            
2304                                                                            
2305                                   JOSE MANUEL JIMENE                       
2200050147230516230516121432000000000425650000000000230516130774920      0009535
2301AB. OP.EN COMERCIO                    R-VISA AJENA - AS105072087    4920AS10
2200050147230516230516175681000000000001920000000000230516130774920      0009536
2301OTROS GASTOS GESTION                  COM VISA AJENA AS105072087    4920AS10
2200050147230516230516121432000000000027800000000000230516130774920      0009537
2301AB. OP.EN COMERCIO                    R-6000 PROPIA, AS105072087    4920AS10
2200050147230516230516175681000000000000130000000000230516130774920      0009538
2301OTROS GASTOS GESTION                  COM R-6000 PRO,AS105072087    4920AS10
22115900482305162305160154110000000005000000000000002305165161159012002370009539
2301DISP.CAJER N/ENTIDAD                  CAJ. 11.59         C030147KL19        
2217180012230516230516159041000000001394770000000000230516T721483105050030009540
2301S/O/TRANF SEPA NOMIN                  ES2821030147-NOMINA JULIO 21          
2200060147230517230517121432000000000425800000000000230517130774920      0009541
2301AB. OP.EN COMERCIO                    R-VISA AJENA - AS105072087    4920AS10
2200060147230517230517175681000000000001910000000000230517130774920      0009542
2301OTROS GASTOS GESTION                  COM VISA AJENA AS105072087    4920AS10
2200060147230517230517121432000000000040600000000000230517130774920      0009543
2301AB. OP.EN COMERCIO                    R-6000 AJENA - AS105072087    4920AS10
2200060147230517230517175681000000000000180000000000230517130774920      0009544
2301OTROS GASTOS GESTION                  COM R-6000 AJE.AS105072087    4920AS10
2200060147230517230517121432000000000051250000000000230517130774920      0009545
2301AB. OP.EN COMERCIO                    R-6000 PROPIA, AS105072087    4920AS10
2200060147230517230517175681000000000000230000000000230517130774920      0009546
2301OTROS GASTOS GESTION                  COM R-6000 PRO,AS105072087    4920AS10
2200060147230518230518121432000000000455350000000000230518130774920      0009547
2301AB. OP.EN COMERCIO                    R-VISA AJENA - AS105072087    4920AS10
2200060147230518230518175681000000000002040000000000230518130774920      0009548
2301OTROS GASTOS GESTION                  COM VISA AJENA AS105072087    4920AS10
2200060147230518230518121432000000000016800000000000230518130774920      0009549
2301AB. OP.EN COMERCIO                    R-6000 PROPIA, AS105072087    4920AS10
2200060147230518230518175681000000000000080000000000230518130774920      0009550
2301OTROS GASTOS GESTION                  COM R-6000 PRO,AS105072087    4920AS10
2216500012230518230518999511000000000010480000000000230518PC10200018050110009551
2301CORESODEXO SOLUCIONES DE MOTIVACION-SODEXO SOLUCIONES DE MOTIVACION ESPANA  
2302ES98113A78604113                   201-2115605-700                          
2303        Efecto R0001/4788698/1                                              
2304                                                                            
2305                                   VEGETARIANO EL CALAFATE SL               
2200050147230519230519121432000000000352350000000000230519130774920      0009552
2301AB. OP.EN COMERCIO                    R-VISA AJENA - AS105072087    4920AS10
2200050147230519230519175681000000000001600000000000230519130774920      0009553
2301OTROS GASTOS GESTION                  COM VISA AJENA AS105072087    4920AS10
2217210012230519230519039801000000000780240000000000230519PC10200018050120009554
2301COREELECTRICIDAD ELEIA, S.L.U.-ELECTRICIDAD ELEIA, S.L.                     
2302ES27364B88181441                   201-2115762-964                          
2303        9041N13350384023                                                    
2304                                                                            
2305                                   VEGETARIANO EL CALAFATE SL               
2200060147230520230520121432000000000515200000000000230522130774920      0009555
2301AB. OP.EN COMERCIO                    R-VISA AJENA - AS105072087    4920AS10
2200060147230520230520175681000000000002320000000000230522130774920      0009556
2301OTROS GASTOS GESTION                  COM VISA AJENA AS105072087    4920AS10
2200060147230520230520121432000000000061850000000000230522130774920      0009557
2301AB. OP.EN COMERCIO                    R-6000 PROPIA, AS105072087    4920AS10
2200060147230520230520175681000000000000280000000000230522130774920      0009558
2301OTROS GASTOS GESTION                  COM R-6000 PRO,AS105072087    4920AS10
2200050147230521230521121432000000000764150000000000230522130774920      0009559
2301AB. OP.EN COMERCIO                    R-VISA AJENA - AS105072087    4920AS10
2200050147230521230521175681000000000003440000000000230522130774920      0009560
2301OTROS GASTOS GESTION                  COM VISA AJENA AS105072087    4920AS10
2200050147230521230521121432000000000030800000000000230522130774920      0009561
2301AB. OP.EN COMERCIO                    R-6000 PROPIA, AS105072087    4920AS10
2200050147230521230521175681000000000000140000000000230522130774920      0009562
2301OTROS GASTOS GESTION                  COM R-6000 PRO,AS105072087    4920AS10
2200060147230523230523121432000000000463500000000000230523130774920      0009563
2301AB. OP.EN COMERCIO                    R-VISA AJENA - AS105072087    4920AS10
2200060147230523230523175681000000000002080000000000230523130774920      0009564
2301OTROS GASTOS GESTION                  COM VISA AJENA AS105072087    4920AS10
2210030147230523230523025051000000000600000000000000230523               0009565
2301RTGRO SIN LTA/CHEQUE                  RTG.S/SOP.RTGRO SIN LTA/CHEQUE        
2200060147230524230524121432000000000323200000000000230524130774920      0009566
2301AB. OP.EN COMERCIO                    R-VISA AJENA - AS105072087    4920AS10
2200060147230524230524175681000000000001450000000000230524130774920      0009567
2301OTROS GASTOS GESTION                  COM VISA AJENA AS105072087    4920AS10
2200060147230524230524121432000000000041600000000000230524130774920      0009568
2301AB. OP.EN COMERCIO                    R-6000 PROPIA, AS105072087    4920AS10
2200060147230524230524175681000000000000190000000000230524130774920      0009569
2301OTROS GASTOS GESTION                  COM R-6000 PRO,AS105072087    4920AS10
22193600482305242305241254310000000000292500000000002305255241936222163960009570
2301COMP.TPV FISICO NACI                  LOTUS SUPERMERCADO A                  
22201500482305242305241254310000000000209700000000002305255242015539101930009571
2301COMP.TPV FISICO NACI                  EL CORTE INGLES                       
2200070147230525230525121432000000000443950000000000230525130774920      0009572
2301AB. OP.EN COMERCIO                    R-VISA AJENA - AS105072087    4920AS10
2200070147230525230525175681000000000001990000000000230525130774920      0009573
2301OTROS GASTOS GESTION                  COM VISA AJENA AS105072087    4920AS10
221912000323052523052505531100000000021674000000000023052520230525337051 0009574
2301AMORTIZACION PTMO.                    PRESTAMO  2103-0147-0510005123        
2200050147230526230526121432000000000362100000000000230526130774920      0009575
2301AB. OP.EN COMERCIO                    R-VISA AJENA - AS105072087    4920AS10
2200050147230526230526175681000000000001620000000000230526130774920      0009576
2301OTROS GASTOS GESTION                  COM VISA AJENA AS105072087    4920AS10
2200060147230527230527121432000000000841400000000000230529130774920      0009577
2301AB. OP.EN COMERCIO                    R-VISA AJENA - AS105072087    4920AS10
2200060147230527230527175681000000000003790000000000230529130774920      0009578
2301OTROS GASTOS GESTION                  COM VISA AJENA AS105072087    4920AS10
2200060147230527230527121432000000000028700000000000230529130774920      0009579
2301AB. OP.EN COMERCIO                    R-6000 PROPIA, AS105072087    4920AS10
2200060147230527230527175681000000000000130000000000230529130774920      0009580
2301OTROS GASTOS GESTION                  COM R-6000 PRO,AS105072087    4920AS10
2212468076230527230529045901000000001020000000000000230529103T314953804900009581
2301VEGETARIANO EL CALAFATE, S.L.                                     B93480127 
2302                                                                            
2303        Alquiler Marzo y alquiler abril 2023                                
2304                                                                            
2305FRANCISCO JOSE MORENO                                                       
2212478076230527230529045901000000000510000000000000230529103T314953804430009582
2301VEGETARIANO EL CALAFATE, S.L.                                     B93480127 
2302                                                                            
2303        Alquiler Marzo 2023                                                 
2304                                                                            
2305FCO PORTILLO                                                                
2212488076230527230529045901000000000500000000000000230529103T314953805540009583
2301VEGETARIANO EL CALAFATE, S.L.                                     B93480127 
2302                                                                            
2303        Mitad nómina  mayo 2023                                             
2304                                                                            
2305JOSé MANUEL JIMéNEZ ÁLVAREZ                                                 
2200050147230528230528121432000000000511800000000000230529130774920      0009584
2301AB. OP.EN COMERCIO                    R-VISA AJENA - AS105072087    4920AS10
2200050147230528230528175681000000000002280000000000230529130774920      0009585
2301OTROS GASTOS GESTION                  COM VISA AJENA AS105072087    4920AS10
2200050147230528230528121432000000000060900000000000230529130774920      0009586
2301AB. OP.EN COMERCIO                    R-6000 PROPIA, AS105072087    4920AS10
2200050147230528230528175681000000000000270000000000230529130774920      0009587
2301OTROS GASTOS GESTION                  COM R-6000 PRO,AS105072087    4920AS10
2200110147230530230530121432000000000175450000000000230530130774920      0009588
2301AB. OP.EN COMERCIO                    R-VISA AJENA - AS105072087    4920AS10
2200110147230530230530175681000000000000790000000000230530130774920      0009589
2301OTROS GASTOS GESTION                  COM VISA AJENA AS105072087    4920AS10
22000000482305302305281254310000000000119800000000002305305300928060725440009590
2301COMP.TPV FISICO NACI                  LACARTAPORFA.COM                      
22110820302305302305301254310000000000076700000000002305305301108039856320009591
2301COMP.TPV FISICO NACI                  LICORERIA PREBA                       
22183900482305302305301254310000000001135600000000002305305301839060985390009592
2301COMP.TPV FISICO NACI                  MAKRO MALAGA                          
2200090147230531230531121432000000000177500000000000230531130774920      0009593
2301AB. OP.EN COMERCIO                    R-VISA AJENA - AS105072087    4920AS10
2200090147230531230531175681000000000000800000000000230531130774920      0009594
2301OTROS GASTOS GESTION                  COM VISA AJENA AS105072087    4920AS10
2203340012230531230531159421000000002194850000000000230531PC00600029050010009595
2301CORETGSS. COTIZACION 001 REGIMEN GENERAL                                    
2302ES75001Q2827003A                   103T3149CCOAI0060002905230010001216      
2303GOVTGOVTCOD. LIQUIDACION: 29202300239254558    PERIODO: 04/2023-04/2023     
2304  AUTORIZADO: 006159                                                        
2305                                   VEGETARIANO EL CALAFATE SL               
3321030147003002743900078000000012626320004600000001246665200000000294699978    
88999999999999999999000302                                                      
