112103014700300274392302012302282000000004145569783VEGETARIANO EL CALAFATE, S   
2200160147230201230201121432000000000027800000000000230201130774920      0009096
2301AB. OP.EN COMERCIO                    R-6000 PROPIA, AS105072087    4920AS10
2200160147230201230201175681000000000000130000000000230201130774920      0009097
2301OTROS GASTOS GESTION                  COM R-6000 PRO,AS105072087    4920AS10
2200160147230201230201121432000000000359650000000000230201130774920      0009098
2301AB. OP.EN COMERCIO                    R-VISA AJENA - AS105072087    4920AS10
2200160147230201230201175681000000000001620000000000230201130774920      0009099
2301OTROS GASTOS GESTION                  COM VISA AJENA AS105072087    4920AS10
2222060012230201230201999511000000000051110000000000230202PC10200028010140009100
2301CORESECURITAS DIRECT ESPANA S.A.U.                                          
2302ES20000A26106013                   012820230126000385800448630              
2303        CUOTA MES DE FEBRERO 2023: 2302C01021159                            
2304                                                                            
2305                                   Vegetariano El Calafate Sl               
2200060147230202230202121432000000000014000000000000230202130774920      0009101
2301AB. OP.EN COMERCIO                    R-6000 PROPIA, AS105072087    4920AS10
2200060147230202230202175681000000000000060000000000230202130774920      0009102
2301OTROS GASTOS GESTION                  COM R-6000 PRO,AS105072087    4920AS10
2200060147230202230202121432000000000401850000000000230202130774920      0009103
2301AB. OP.EN COMERCIO                    R-VISA AJENA - AS105072087    4920AS10
2200060147230202230202175681000000000001810000000000230202130774920      0009104
2301OTROS GASTOS GESTION                  COM VISA AJENA AS105072087    4920AS10
22114700892302022302020154110000000010000000000000002302022021147539989950009105
2301DISP.CAJER N/ENTIDAD                  CAJ. 11.47         C030089KG37        
2200470147230203230203121432000000000501850000000000230203130774920      0009106
2301AB. OP.EN COMERCIO                    R-VISA AJENA - AS105072087    4920AS10
2200470147230203230203175681000000000002240000000000230203130774920      0009107
2301OTROS GASTOS GESTION                  COM VISA AJENA AS105072087    4920AS10
22000000482302032302011254310000000000159900000000002302032030935472944800009108
2301COM TPV FISICO INTER                  SpotifyES P20DC09ED7                  
2212268076230203230203045901000000000028680000000000230203103T303465078320009109
2301VEGETARIANO EL CALAFATE, S.L.                                     B93480127 
2302                                                                            
2303        Exp. 2958000005028820                                               
2304                                                                            
2305JUZGADO DE 1  INSTANCIA 7 DE MALAGA                                         
2219120012230203230203046001000000000320650000000000230206PC10200003020110009110
2301COREVICTORIA GESTION ASESORES S.L.                                          
2302ES29000B92012129                   01042011414180001010000000126            
2303        Fra. No:000300 NIF:B93480127 B.IMP:265.00 IVA:55.65 TOT:320.65  HONO
2304RARIOS FISCAL Y LABORAL:265.00                                              
2305                                   VEGETARIANO EL CALAFATE,S.L              
2200070147230204230204121432000000000094800000000000230206130774920      0009111
2301AB. OP.EN COMERCIO                    R-6000 PROPIA, AS105072087    4920AS10
2200070147230204230204175681000000000000430000000000230206130774920      0009112
2301OTROS GASTOS GESTION                  COM R-6000 PRO,AS105072087    4920AS10
2200070147230204230204121432000000000587550000000000230206130774920      0009113
2301AB. OP.EN COMERCIO                    R-VISA AJENA - AS105072087    4920AS10
2200070147230204230204175681000000000002640000000000230206130774920      0009114
2301OTROS GASTOS GESTION                  COM VISA AJENA AS105072087    4920AS10
2200050147230205230205121432000000000069150000000000230206130774920      0009115
2301AB. OP.EN COMERCIO                    R-6000 PROPIA, AS105072087    4920AS10
2200050147230205230205175681000000000000310000000000230206130774920      0009116
2301OTROS GASTOS GESTION                  COM R-6000 PRO,AS105072087    4920AS10
2200050147230205230205121432000000000645820000000000230206130774920      0009117
2301AB. OP.EN COMERCIO                    R-VISA AJENA - AS105072087    4920AS10
2200050147230205230205175681000000000002900000000000230206130774920      0009118
2301OTROS GASTOS GESTION                  COM VISA AJENA AS105072087    4920AS10
2203340012230206230206039401000000000919900000000000230206PC00100025010030009119
2301IMPUESTOS                             AEAT-IMPUE001000-292311029498         
2219110012230206230206159041000000001080130000000000230207T721483103020010009120
2301S/O/TRANF SEPA NOMIN                  ES6021030180-                         
2219110012230206230206159041000000001093560000000000230207T721483103020030009121
2301S/O/TRANF SEPA NOMIN                  ES7200730100-                         
2219110012230206230206999511000000000009750000000000230207PC10200003020120009122
2301COREEDENRED ESPANA, S.A.                                                    
2302ES47102A78881190                   2023033002481241                         
2303OTHR    PAGO FACTURA:FP-1577793 AFIL:105911                                 
2304                                                                            
2305                                   VEGETARIANO EL CALAFATE SL               
2223238076230206230207045901000000000500000000000000230207103T303866638370009123
2301VEGETARIANO EL CALAFATE, S.L.                                     B93480127 
2302                                                                            
2303        Mitad nómina enero                                                  
2304                                                                            
2305JOSé MANUEL JIMéNEZ ÁLVAREZ                                                 
2200060147230207230207121432000000000524500000000000230207130774920      0009124
2301AB. OP.EN COMERCIO                    R-VISA AJENA - AS105072087    4920AS10
2200060147230207230207175681000000000002340000000000230207130774920      0009125
2301OTROS GASTOS GESTION                  COM VISA AJENA AS105072087    4920AS10
22000000482302072302021254310000000000277100000000002302072070927413582610009126
2301COMP.TPV FISICO NACI                  ARSYS INTERNET SLU                    
2200060147230208230208121432000000000357600000000000230208130774920      0009127
2301AB. OP.EN COMERCIO                    R-VISA AJENA - AS105072087    4920AS10
2200060147230208230208175681000000000001610000000000230208130774920      0009128
2301OTROS GASTOS GESTION                  COM VISA AJENA AS105072087    4920AS10
2200060147230209230209121432000000000404500000000000230209130774920      0009129
2301AB. OP.EN COMERCIO                    R-VISA AJENA - AS105072087    4920AS10
2200060147230209230209175681000000000001810000000000230209130774920      0009130
2301OTROS GASTOS GESTION                  COM VISA AJENA AS105072087    4920AS10
22000000482302092302071254310000000000592200000000002302092090925403395000009131
2301COM TPV FISICO INTER                  CYBERGHOST VPN                        
2200060147230210230210121432000000000013800000000000230210130774920      0009132
2301AB. OP.EN COMERCIO                    R-6000 PROPIA, AS105072087    4920AS10
2200060147230210230210175681000000000000060000000000230210130774920      0009133
2301OTROS GASTOS GESTION                  COM R-6000 PRO,AS105072087    4920AS10
2200060147230210230210121432000000000313700000000000230210130774920      0009134
2301AB. OP.EN COMERCIO                    R-VISA AJENA - AS105072087    4920AS10
2200060147230210230210175681000000000001410000000000230210130774920      0009135
2301OTROS GASTOS GESTION                  COM VISA AJENA AS105072087    4920AS10
2219140012230210230210999511000000000598130000000000230213PC10200009020120009136
2301COREELECTRICIDAD ELEIA, S.L.U.-ELECTRICIDAD ELEIA, S.L.                     
2302ES27364B88181441                   201-2090649-648                          
2303        9041N13199195023                                                    
2304                                                                            
2305                                   VEGETARIANO EL CALAFATE SL               
2219140012230210230210039811000000000042150000000000230213PC10200009020410009137
2301COREJAZZTEL                                                                 
2302ES91015A82009812                   00491500754QYBYWDZ                       
2303        Consulte https://clientes.jazztel.com                               
2304                                                                            
2305                                   VEGETARIANO EL CALAFATE S.L.             
2200070147230211230211121432000000000226800000000000230213130774920      0009138
2301AB. OP.EN COMERCIO                    R-6000 PROPIA, AS105072087    4920AS10
2200070147230211230211175681000000000001020000000000230213130774920      0009139
2301OTROS GASTOS GESTION                  COM R-6000 PRO,AS105072087    4920AS10
2200070147230211230211121432000000000015400000000000230213130774920      0009140
2301AB. OP.EN COMERCIO                    R-VISA PROPIA, AS105072087    4920AS10
2200070147230211230211175681000000000000070000000000230213130774920      0009141
2301OTROS GASTOS GESTION                  COM VISA PROPIAAS105072087    4920AS10
2200070147230211230211121432000000000478900000000000230213130774920      0009142
2301AB. OP.EN COMERCIO                    R-VISA AJENA - AS105072087    4920AS10
2200070147230211230211175681000000000002140000000000230213130774920      0009143
2301OTROS GASTOS GESTION                  COM VISA AJENA AS105072087    4920AS10
2200060147230212230212121432000000000791800000000000230213130774920      0009144
2301AB. OP.EN COMERCIO                    R-VISA AJENA - AS105072087    4920AS10
2200060147230212230212175681000000000003560000000000230213130774920      0009145
2301OTROS GASTOS GESTION                  COM VISA AJENA AS105072087    4920AS10
2200050147230214230214121432000000000605670000000000230214130774920      0009146
2301AB. OP.EN COMERCIO                    R-VISA AJENA - AS105072087    4920AS10
2200050147230214230214175681000000000002710000000000230214130774920      0009147
2301OTROS GASTOS GESTION                  COM VISA AJENA AS105072087    4920AS10
22110820302302142302140154110000000005000000000000002302142141108477982710009148
2301DISP.CAJER N/ENTIDAD                  CAJ. 11.08         C032030K359        
2219080012230214230214999511000000000099950000000000230215PC10200011020110009149
2301COREGC re TheFork                                                           
2302GB91ZZZSDDBARC0000007495895054     DEDA01G6W041                             
2303                                                                            
2304                                                                            
2305                                   JOSE MANUEL JIMENE                       
2200060147230215230215121432000000000026800000000000230215130774920      0009150
2301AB. OP.EN COMERCIO                    R-6000 PROPIA, AS105072087    4920AS10
2200060147230215230215175681000000000000120000000000230215130774920      0009151
2301OTROS GASTOS GESTION                  COM R-6000 PRO,AS105072087    4920AS10
2200060147230215230215121432000000000430000000000000230215130774920      0009152
2301AB. OP.EN COMERCIO                    R-VISA AJENA - AS105072087    4920AS10
2200060147230215230215175681000000000001910000000000230215130774920      0009153
2301OTROS GASTOS GESTION                  COM VISA AJENA AS105072087    4920AS10
2219080012230215230215159041000000001346150000000000230216T721483103020020009154
2301S/O/TRANF SEPA NOMIN                  ES2821030147-NOMINA JULIO 21          
2200060147230216230216121432000000000058350000000000230216130774920      0009155
2301AB. OP.EN COMERCIO                    R-6000 PROPIA, AS105072087    4920AS10
2200060147230216230216175681000000000000260000000000230216130774920      0009156
2301OTROS GASTOS GESTION                  COM R-6000 PRO,AS105072087    4920AS10
2200060147230216230216121432000000000412250000000000230216130774920      0009157
2301AB. OP.EN COMERCIO                    R-VISA AJENA - AS105072087    4920AS10
2200060147230216230216175681000000000001840000000000230216130774920      0009158
2301OTROS GASTOS GESTION                  COM VISA AJENA AS105072087    4920AS10
2200060147230217230217121432000000000064950000000000230217130774920      0009159
2301AB. OP.EN COMERCIO                    R-6000 PROPIA, AS105072087    4920AS10
2200060147230217230217175681000000000000290000000000230217130774920      0009160
2301OTROS GASTOS GESTION                  COM R-6000 PRO,AS105072087    4920AS10
2200060147230217230217121432000000000304450000000000230217130774920      0009161
2301AB. OP.EN COMERCIO                    R-VISA AJENA - AS105072087    4920AS10
2200060147230217230217175681000000000001360000000000230217130774920      0009162
2301OTROS GASTOS GESTION                  COM VISA AJENA AS105072087    4920AS10
2219070012230217230217999511000000000027840000000000230220PC10200016020120009163
2301CORESODEXO SOLUCIONES DE MOTIVACION-SODEXO SOLUCIONES DE MOTIVACION ESPANA  
2302ES98113A78604113                   201-2092517-674                          
2303        Efecto R0001/4725290/1                                              
2304                                                                            
2305                                   VEGETARIANO EL CALAFATE SL               
2200050147230218230218121432000000000016400000000000230220130774920      0009164
2301AB. OP.EN COMERCIO                    R-6000 PROPIA, AS105072087    4920AS10
2200050147230218230218175681000000000000070000000000230220130774920      0009165
2301OTROS GASTOS GESTION                  COM R-6000 PRO,AS105072087    4920AS10
2200050147230218230218121432000000000442200000000000230220130774920      0009166
2301AB. OP.EN COMERCIO                    R-VISA AJENA - AS105072087    4920AS10
2200050147230218230218175681000000000002010000000000230220130774920      0009167
2301OTROS GASTOS GESTION                  COM VISA AJENA AS105072087    4920AS10
2215170147230218230218121432000000000103450000000000230220130774920      0009168
2301AB. OP.EN COMERCIO                    R-VISA AJENA - AS105072087    4920AS10
2215170147230218230218175681000000000000470000000000230220130774920      0009169
2301OTROS GASTOS GESTION                  COM VISA AJENA AS105072087    4920AS10
2200060147230219230219121432000000000232000000000000230220130774920      0009170
2301AB. OP.EN COMERCIO                    R-6000 PROPIA, AS105072087    4920AS10
2200060147230219230219175681000000000001040000000000230220130774920      0009171
2301OTROS GASTOS GESTION                  COM R-6000 PRO,AS105072087    4920AS10
2200060147230219230219121432000000000927700000000000230220130774920      0009172
2301AB. OP.EN COMERCIO                    R-VISA AJENA - AS105072087    4920AS10
2200060147230219230219175681000000000004210000000000230220130774920      0009173
2301OTROS GASTOS GESTION                  COM VISA AJENA AS105072087    4920AS10
2218078076230219230220045901000000000510000000000000230220103T305170115870009174
2301VEGETARIANO EL CALAFATE, S.L.                                     B93480127 
2302                                                                            
2303        Alquiler Enero                                                      
2304                                                                            
2305FCO PORTILLO                                                                
2218088076230219230220045901000000000510000000000000230220103T305170116400009175
2301VEGETARIANO EL CALAFATE, S.L.                                     B93480127 
2302                                                                            
2303        Alquiler Enero 2023                                                 
2304                                                                            
2305FRANCISCO JOSE MORENO                                                       
2200060147230221230221121432000000000027200000000000230221130774920      0009176
2301AB. OP.EN COMERCIO                    R-6000 PROPIA, AS105072087    4920AS10
2200060147230221230221175681000000000000120000000000230221130774920      0009177
2301OTROS GASTOS GESTION                  COM R-6000 PRO,AS105072087    4920AS10
2200060147230221230221121432000000000344250000000000230221130774920      0009178
2301AB. OP.EN COMERCIO                    R-VISA AJENA - AS105072087    4920AS10
2200060147230221230221175681000000000001540000000000230221130774920      0009179
2301OTROS GASTOS GESTION                  COM VISA AJENA AS105072087    4920AS10
22000000482302212302171254310000000000443200000000002302212210932140778360009180
2301COM TPV FISICO INTER                  AMZN MKTP ES*130LM0V64                
22000000482302212302171254310000000000629800000000002302212210932140858050009181
2301COM TPV FISICO INTER                  AMZN MKTP ES*137LL4VA4                
2200060147230222230222121432000000000013400000000000230222130774920      0009182
2301AB. OP.EN COMERCIO                    R-6000 PROPIA, AS105072087    4920AS10
2200060147230222230222175681000000000000060000000000230222130774920      0009183
2301OTROS GASTOS GESTION                  COM R-6000 PRO,AS105072087    4920AS10
2200060147230222230222121432000000000027000000000000230222130774920      0009184
2301AB. OP.EN COMERCIO                    R-6000 AJENA - AS105072087    4920AS10
2200060147230222230222175681000000000000120000000000230222130774920      0009185
2301OTROS GASTOS GESTION                  COM R-6000 AJE.AS105072087    4920AS10
2200060147230222230222121432000000000409190000000000230222130774920      0009186
2301AB. OP.EN COMERCIO                    R-VISA AJENA - AS105072087    4920AS10
2200060147230222230222175681000000000001830000000000230222130774920      0009187
2301OTROS GASTOS GESTION                  COM VISA AJENA AS105072087    4920AS10
2200050147230223230223121432000000000016590000000000230223130774920      0009188
2301AB. OP.EN COMERCIO                    R-6000 PROPIA, AS105072087    4920AS10
2200050147230223230223175681000000000000070000000000230223130774920      0009189
2301OTROS GASTOS GESTION                  COM R-6000 PRO,AS105072087    4920AS10
2200050147230223230223121432000000000411550000000000230223130774920      0009190
2301AB. OP.EN COMERCIO                    R-VISA AJENA - AS105072087    4920AS10
2200050147230223230223175681000000000001840000000000230223130774920      0009191
2301OTROS GASTOS GESTION                  COM VISA AJENA AS105072087    4920AS10
2219080012230223230223039391000000000152760000000000230224PC10200017020420009192
2301COREEMPRESA MUNICIPAL AGUAS MALAGA SA                                       
2302ES12001A29185519                   00496728754TBDRZSX                       
2303        EMASA Cuenta Contrato 3268055/Calculo del consumo/Ref. Factura 2023E
2304MFF1139704                                                                  
2305                                   FRANCISCO JOSE MORENO RUBIO              
2200060147230224230224121432000000000048880000000000230224130774920      0009193
2301AB. OP.EN COMERCIO                    R-6000 PROPIA, AS105072087    4920AS10
2200060147230224230224175681000000000000210000000000230224130774920      0009194
2301OTROS GASTOS GESTION                  COM R-6000 PRO,AS105072087    4920AS10
2200060147230224230224121432000000000169350000000000230224130774920      0009195
2301AB. OP.EN COMERCIO                    R-VISA AJENA - AS105072087    4920AS10
2200060147230224230224175681000000000000750000000000230224130774920      0009196
2301OTROS GASTOS GESTION                  COM VISA AJENA AS105072087    4920AS10
2223290147230224230224121432000000000599950000000000230227130774920      0009197
2301AB. OP.EN COMERCIO                    R-VISA AJENA - AS105072087    4920AS10
2223290147230224230224175681000000000002700000000000230227130774920      0009198
2301OTROS GASTOS GESTION                  COM VISA AJENA AS105072087    4920AS10
2223290147230224230224121432000000000017400000000000230227130774920      0009199
2301AB. OP.EN COMERCIO                    R-6000 PROPIA, AS105072087    4920AS10
2223290147230224230224175681000000000000080000000000230227130774920      0009200
2301OTROS GASTOS GESTION                  COM R-6000 PRO,AS105072087    4920AS10
2200060147230225230225121432000000000088100000000000230227130774920      0009201
2301AB. OP.EN COMERCIO                    R-VISA AJENA - AS105072087    4920AS10
2200060147230225230225175681000000000000400000000000230227130774920      0009202
2301OTROS GASTOS GESTION                  COM VISA AJENA AS105072087    4920AS10
2212148076230225230227045901000000000500000000000000230227103T305871623030009203
2301VEGETARIANO EL CALAFATE, S.L.                                     B93480127 
2302                                                                            
2303        Mitad nómina febrero 2023                                           
2304                                                                            
2305JOSé MANUEL JIMéNEZ ÁLVAREZ                                                 
2200050147230226230226121432000000000038700000000000230227130774920      0009204
2301AB. OP.EN COMERCIO                    R-6000 PROPIA, AS105072087    4920AS10
2200050147230226230226175681000000000000170000000000230227130774920      0009205
2301OTROS GASTOS GESTION                  COM R-6000 PRO,AS105072087    4920AS10
2200050147230226230226121432000000000578000000000000230227130774920      0009206
2301AB. OP.EN COMERCIO                    R-VISA AJENA - AS105072087    4920AS10
2200050147230226230226175681000000000002600000000000230227130774920      0009207
2301OTROS GASTOS GESTION                  COM VISA AJENA AS105072087    4920AS10
221942000323022723022705531100000000021674000000000023022720230225337051 0009208
2301AMORTIZACION PTMO.                    PRESTAMO  2103-0147-0510005123        
2200050147230228230228121432000000000104800000000000230228130774920      0009209
2301AB. OP.EN COMERCIO                    R-6000 PROPIA, AS105072087    4920AS10
2200050147230228230228175681000000000000470000000000230228130774920      0009210
2301OTROS GASTOS GESTION                  COM R-6000 PRO,AS105072087    4920AS10
2200050147230228230228121432000000000519700000000000230228130774920      0009211
2301AB. OP.EN COMERCIO                    R-VISA AJENA - AS105072087    4920AS10
2200050147230228230228175681000000000002330000000000230228130774920      0009212
2301OTROS GASTOS GESTION                  COM VISA AJENA AS105072087    4920AS10
2203340012230228230228039401000000001774730000000000230228PC00600024020010009213
2301CORETGSS. COTIZACION 001 REGIMEN GENERAL                                    
2302ES75001Q2827003A                   103T3055CCOAI0060002402230010001140      
2303GOVTGOVTCOD. LIQUIDACION: 29202300213479537    PERIODO: 01/2023-01/2023     
2304  AUTORIZADO: 006159                                                        
2305                                   VEGETARIANO EL CALAFATE SL               
3321030147003002743900072000000011550190004600000001286775200000000546312978    
88999999999999999999000294                                                      
