112103014700300274392306012306302000000002946999783VEGETARIANO EL CALAFATE, S   
2200060147230601230601121432000000000240250000000000230601130774920      0009596
2301AB. OP.EN COMERCIO                    R-VISA AJENA - AS105072087    4920AS10
2200060147230601230601175681000000000001080000000000230601130774920      0009597
2301OTROS GASTOS GESTION                  COM VISA AJENA AS105072087    4920AS10
2200060147230601230601121432000000000075430000000000230601130774920      0009598
2301AB. OP.EN COMERCIO                    R-6000 PROPIA, AS105072087    4920AS10
2200060147230601230601175681000000000000340000000000230601130774920      0009599
2301OTROS GASTOS GESTION                  COM R-6000 PRO,AS105072087    4920AS10
2200060147230602230602121432000000000440500000000000230602130774920      0009600
2301AB. OP.EN COMERCIO                    R-VISA AJENA - AS105072087    4920AS10
2200060147230602230602175681000000000001980000000000230602130774920      0009601
2301OTROS GASTOS GESTION                  COM VISA AJENA AS105072087    4920AS10
2200060147230602230602121432000000000024800000000000230602130774920      0009602
2301AB. OP.EN COMERCIO                    R-6000 PROPIA, AS105072087    4920AS10
2200060147230602230602175681000000000000110000000000230602130774920      0009603
2301OTROS GASTOS GESTION                  COM R-6000 PRO,AS105072087    4920AS10
2200080147230603230603121432000000000489850000000000230605130774920      0009604
2301AB. OP.EN COMERCIO                    R-VISA AJENA - AS105072087    4920AS10
2200080147230603230603175681000000000002210000000000230605130774920      0009605
2301OTROS GASTOS GESTION                  COM VISA AJENA AS105072087    4920AS10
2200080147230603230603121432000000000050150000000000230605130774920      0009606
2301AB. OP.EN COMERCIO                    R-6000 PROPIA, AS105072087    4920AS10
2200080147230603230603175681000000000000220000000000230605130774920      0009607
2301OTROS GASTOS GESTION                  COM R-6000 PRO,AS105072087    4920AS10
22000000482306032306011254310000000000159900000000002306056030913388511150009608
2301COM TPV FISICO INTER                  SpotifyES P2371AED96                  
22000000482306032306011254310000000000277100000000002306056030913388594150009609
2301COMP.TPV FISICO NACI                  ARSYS INTERNET SLU                    
2200060147230604230604121432000000000551250000000000230605130774920      0009610
2301AB. OP.EN COMERCIO                    R-VISA AJENA - AS105072087    4920AS10
2200060147230604230604175681000000000002480000000000230605130774920      0009611
2301OTROS GASTOS GESTION                  COM VISA AJENA AS105072087    4920AS10
2213528076230605230605045901000000000025900000000000230605103T315658231450009612
2301VEGETARIANO EL CALAFATE, S.L.                                     B93480127 
2302                                                                            
2303        Exp. 2958000005028820                                               
2304                                                                            
2305JUZGADO DE 1  INSTANCIA 7 DE MALAGA                                         
2213548076230605230605045901000000000500000000000000230605103T315658232610009613
2301VEGETARIANO EL CALAFATE, S.L.                                     B93480127 
2302                                                                            
2303         2  Mitad nÛmina  mayo 2023                                         
2304                                                                            
2305JOSÈ MANUEL JIMÈNEZ ¡LVAREZ                                                 
2217000012230605230605039981000000000051110000000000230605PC10200001060130009614
2301CORESECURITAS DIRECT ESPANA S.A.U.                                          
2302ES20000A26106013                   012820230529000433000125910              
2303        CUOTA MES DE JUNIO 2023: 2306C01199146                              
2304                                                                            
2305                                   Vegetariano El Calafate Sl               
2217000012230605230605046001000000000340010000000000230605PC10200003060110009615
2301COREVICTORIA GESTION ASESORES S.L.                                          
2302ES29000B92012129                   01043022431600002010000000132            
2303        Fra. No:001028 NIF:B93480127 B.IMP:281.00 IVA:59.01 TOT:340.01  HONO
2304RARIOS FISCAL Y LABORAL:281.00                                              
2305                                   VEGETARIANO EL CALAFATE,S.L              
2200060147230606230606121432000000000272150000000000230606130774920      0009616
2301AB. OP.EN COMERCIO                    R-VISA AJENA - AS105072087    4920AS10
2200060147230606230606175681000000000001200000000000230606130774920      0009617
2301OTROS GASTOS GESTION                  COM VISA AJENA AS105072087    4920AS10
2200060147230606230606121432000000000062300000000000230606130774920      0009618
2301AB. OP.EN COMERCIO                    R-6000 PROPIA, AS105072087    4920AS10
2200060147230606230606175681000000000000280000000000230606130774920      0009619
2301OTROS GASTOS GESTION                  COM R-6000 PRO,AS105072087    4920AS10
2210580147230606230606025051000000000600000000000000230606               0009620
2301RTGRO SIN LTA/CHEQUE                  RTG.S/SOP.RTGRO SIN LTA/CHEQUE        
2217120012230606230606159041000000001094960000000000230606T721483105060020009621
2301S/O/TRANF SEPA NOMIN                  ES7200730100-                         
2217120012230606230606159041000000001097340000000000230606T721483105060030009622
2301S/O/TRANF SEPA NOMIN                  ES6021030180-                         
2217120012230606230606999511000000000012220000000000230606PC10200003060120009623
2301COREEDENRED ESPANA, S.A.                                                    
2302ES47102A78881190                   2023153003773285                         
2303OTHR    PAGO FACTURA:FP-1660189 AFIL:105911                                 
2304                                                                            
2305                                   VEGETARIANO EL CALAFATE SL               
2200070147230607230607121432000000000189650000000000230607130774920      0009624
2301AB. OP.EN COMERCIO                    R-VISA AJENA - AS105072087    4920AS10
2200070147230607230607175681000000000000850000000000230607130774920      0009625
2301OTROS GASTOS GESTION                  COM VISA AJENA AS105072087    4920AS10
2200070147230607230607121432000000000026800000000000230607130774920      0009626
2301AB. OP.EN COMERCIO                    R-6000 PROPIA, AS105072087    4920AS10
2200070147230607230607175681000000000000120000000000230607130774920      0009627
2301OTROS GASTOS GESTION                  COM R-6000 PRO,AS105072087    4920AS10
2217280012230607230607039801000000000586160000000000230607PC10200006060120009628
2301COREELECTRICIDAD ELEIA, S.L.U.-ELECTRICIDAD ELEIA, S.L.                     
2302ES27364B88181441                   201-2120257-2677                         
2303        9041N13397848023                                                    
2304                                                                            
2305                                   VEGETARIANO EL CALAFATE SL               
2200080147230608230608121432000000000462100000000000230608130774920      0009629
2301AB. OP.EN COMERCIO                    R-VISA AJENA - AS105072087    4920AS10
2200080147230608230608175681000000000002080000000000230608130774920      0009630
2301OTROS GASTOS GESTION                  COM VISA AJENA AS105072087    4920AS10
2200080147230608230608121432000000000013550000000000230608130774920      0009631
2301AB. OP.EN COMERCIO                    R-6000 PROPIA, AS105072087    4920AS10
2200080147230608230608175681000000000000060000000000230608130774920      0009632
2301OTROS GASTOS GESTION                  COM R-6000 PRO,AS105072087    4920AS10
2200070147230609230609121432000000000399050000000000230609130774920      0009633
2301AB. OP.EN COMERCIO                    R-VISA AJENA - AS105072087    4920AS10
2200070147230609230609175681000000000001790000000000230609130774920      0009634
2301OTROS GASTOS GESTION                  COM VISA AJENA AS105072087    4920AS10
2200070147230609230609121432000000000027200000000000230609130774920      0009635
2301AB. OP.EN COMERCIO                    R-6000 PROPIA, AS105072087    4920AS10
2200070147230609230609175681000000000000120000000000230609130774920      0009636
2301OTROS GASTOS GESTION                  COM R-6000 PRO,AS105072087    4920AS10
22110220322306092306091254310000000000153000000000002306096091102534049700009637
2301COMP.TPV FISICO NACI                  LA TIENDA DE LAS ESPECIAS             
22133501472306092306090154110000000009500000000000002306096091335164365890009638
2301DISP.CAJER N/ENTIDAD                  CAJ. 13.35         C030147KL19        
2200070147230610230610121432000000000225650000000000230612130774920      0009639
2301AB. OP.EN COMERCIO                    R-VISA AJENA - AS105072087    4920AS10
2200070147230610230610175681000000000001020000000000230612130774920      0009640
2301OTROS GASTOS GESTION                  COM VISA AJENA AS105072087    4920AS10
2200070147230610230610121432000000000030800000000000230612130774920      0009641
2301AB. OP.EN COMERCIO                    R-6000 PROPIA, AS105072087    4920AS10
2200070147230610230610175681000000000000140000000000230612130774920      0009642
2301OTROS GASTOS GESTION                  COM R-6000 PRO,AS105072087    4920AS10
2200050147230611230611121432000000000723600000000000230612130774920      0009643
2301AB. OP.EN COMERCIO                    R-VISA AJENA - AS105072087    4920AS10
2200050147230611230611175681000000000003240000000000230612130774920      0009644
2301OTROS GASTOS GESTION                  COM VISA AJENA AS105072087    4920AS10
2200050147230611230611121432000000000017400000000000230612130774920      0009645
2301AB. OP.EN COMERCIO                    R-6000 PROPIA, AS105072087    4920AS10
2200050147230611230611175681000000000000080000000000230612130774920      0009646
2301OTROS GASTOS GESTION                  COM R-6000 PRO,AS105072087    4920AS10
22105300892306122306120154110000000002000000000000002306126121053223501980009647
2301DISP.CAJER N/ENTIDAD                  CAJ. 10.53         C030089KB74        
22114400302306122306120419120000000000455700000000002306120612006050046340009648
2301TOO GOOD TO GO SPAIN SL                                                     
2302BE-530745-20230612                                                          
2303                                                                            
2304                                                                            
2305Vegetariano El Calafate S.L                                                 
2200060147230613230613121432000000000456650000000000230613130774920      0009649
2301AB. OP.EN COMERCIO                    R-VISA AJENA - AS105072087    4920AS10
2200060147230613230613175681000000000002030000000000230613130774920      0009650
2301OTROS GASTOS GESTION                  COM VISA AJENA AS105072087    4920AS10
2200060147230613230613121432000000000013800000000000230613130774920      0009651
2301AB. OP.EN COMERCIO                    R-6000 PROPIA, AS105072087    4920AS10
2200060147230613230613175681000000000000060000000000230613130774920      0009652
2301OTROS GASTOS GESTION                  COM R-6000 PRO,AS105072087    4920AS10
22120101472306132306130154110000000001000000000000002306136131201503854130009653
2301DISP.CAJER N/ENTIDAD                  CAJ. 12.01         C030147KF17        
2216520012230613230613039811000000000040950000000000230613PC10200012060180009654
2301COREJAZZTEL                                                                 
2302ES91015A82009812                   00491500754JYTTMHY                       
2303        Consulte https://clientes.jazztel.com                               
2304                                                                            
2305                                   VEGETARIANO EL CALAFATE S.L.             
2200060147230614230614121432000000000291800000000000230614130774920      0009655
2301AB. OP.EN COMERCIO                    R-VISA AJENA - AS105072087    4920AS10
2200060147230614230614175681000000000001310000000000230614130774920      0009656
2301OTROS GASTOS GESTION                  COM VISA AJENA AS105072087    4920AS10
22000000482306142306121254310000000000208400000000002306146140926445272750009657
2301COM TPV FISICO INTER                  AMZN Mktp ES*L74MK61A5                
2217050012230614230614999511000000000105660000000000230614PC10200013060120009658
2301COREGC re TheFork                                                           
2302GB91ZZZSDDBARC0000007495895054     DEDA039HE163                             
2303                                                                            
2304                                                                            
2305                                   JOSE MANUEL JIMENE                       
2200060147230615230615121432000000000453000000000000230615130774920      0009659
2301AB. OP.EN COMERCIO                    R-VISA AJENA - AS105072087    4920AS10
2200060147230615230615175681000000000002030000000000230615130774920      0009660
2301OTROS GASTOS GESTION                  COM VISA AJENA AS105072087    4920AS10
2200060147230615230615121432000000000057650000000000230615130774920      0009661
2301AB. OP.EN COMERCIO                    R-6000 PROPIA, AS105072087    4920AS10
2200060147230615230615175681000000000000260000000000230615130774920      0009662
2301OTROS GASTOS GESTION                  COM R-6000 PRO,AS105072087    4920AS10
22104620322306152306151254310000000000269000000000002306156151046247467070009663
2301COMP.TPV FISICO NACI                  LA TIENDA DE LAS ESPECIAS             
22120820302306152306151254310000000000144400000000002306156151208465214740009664
2301COMP.TPV FISICO NACI                  LICORERIA PREBA                       
2216470012230615230615159041000000001394770000000000230615T721483105060010009665
2301S/O/TRANF SEPA NOMIN                  ES2821030147-NOMINA JULIO 21          
2200060147230616230616121432000000000248350000000000230616130774920      0009666
2301AB. OP.EN COMERCIO                    R-VISA AJENA - AS105072087    4920AS10
2200060147230616230616175681000000000001110000000000230616130774920      0009667
2301OTROS GASTOS GESTION                  COM VISA AJENA AS105072087    4920AS10
2200060147230616230616121432000000000038950000000000230616130774920      0009668
2301AB. OP.EN COMERCIO                    R-6000 PROPIA, AS105072087    4920AS10
2200060147230616230616175681000000000000170000000000230616130774920      0009669
2301OTROS GASTOS GESTION                  COM R-6000 PRO,AS105072087    4920AS10
22193900482306162306161254310000000000070900000000002306196161939534022990009670
2301COMP.TPV FISICO NACI                  SUPERMERCADO MASKOM                   
2200060147230617230617121432000000000552800000000000230619130774920      0009671
2301AB. OP.EN COMERCIO                    R-VISA AJENA - AS105072087    4920AS10
2200060147230617230617175681000000000002500000000000230619130774920      0009672
2301OTROS GASTOS GESTION                  COM VISA AJENA AS105072087    4920AS10
2200060147230617230617121432000000000058700000000000230619130774920      0009673
2301AB. OP.EN COMERCIO                    R-6000 PROPIA, AS105072087    4920AS10
2200060147230617230617175681000000000000270000000000230619130774920      0009674
2301OTROS GASTOS GESTION                  COM R-6000 PRO,AS105072087    4920AS10
2200050147230618230618121432000000000527300000000000230619130774920      0009675
2301AB. OP.EN COMERCIO                    R-VISA AJENA - AS105072087    4920AS10
2200050147230618230618175681000000000002380000000000230619130774920      0009676
2301OTROS GASTOS GESTION                  COM VISA AJENA AS105072087    4920AS10
2200050147230618230618121432000000000075600000000000230619130774920      0009677
2301AB. OP.EN COMERCIO                    R-6000 PROPIA, AS105072087    4920AS10
2200050147230618230618175681000000000000340000000000230619130774920      0009678
2301OTROS GASTOS GESTION                  COM R-6000 PRO,AS105072087    4920AS10
2216510012230619230619999511000000000011140000000000230619PC10200017060100009679
2301CORESODEXO SOLUCIONES DE MOTIVACION-SODEXO SOLUCIONES DE MOTIVACION ESPANA  
2302ES98113A78604113                   201-2122982-708                          
2303        Efecto R0001/4808987/1                                              
2304                                                                            
2305                                   VEGETARIANO EL CALAFATE SL               
2200070147230620230620121432000000000312850000000000230620130774920      0009680
2301AB. OP.EN COMERCIO                    R-VISA AJENA - AS105072087    4920AS10
2200070147230620230620175681000000000001400000000000230620130774920      0009681
2301OTROS GASTOS GESTION                  COM VISA AJENA AS105072087    4920AS10
2200060147230621230621121432000000000318150000000000230621130774920      0009682
2301AB. OP.EN COMERCIO                    R-VISA AJENA - AS105072087    4920AS10
2200060147230621230621175681000000000001410000000000230621130774920      0009683
2301OTROS GASTOS GESTION                  COM VISA AJENA AS105072087    4920AS10
2200060147230621230621121432000000000082200000000000230621130774920      0009684
2301AB. OP.EN COMERCIO                    R-6000 PROPIA, AS105072087    4920AS10
2200060147230621230621175681000000000000370000000000230621130774920      0009685
2301OTROS GASTOS GESTION                  COM R-6000 PRO,AS105072087    4920AS10
2200070147230622230622121432000000000195650000000000230622130774920      0009686
2301AB. OP.EN COMERCIO                    R-VISA AJENA - AS105072087    4920AS10
2200070147230622230622175681000000000000870000000000230622130774920      0009687
2301OTROS GASTOS GESTION                  COM VISA AJENA AS105072087    4920AS10
2200070147230622230622121432000000000027200000000000230622130774920      0009688
2301AB. OP.EN COMERCIO                    R-6000 AJENA - AS105072087    4920AS10
2200070147230622230622175681000000000000120000000000230622130774920      0009689
2301OTROS GASTOS GESTION                  COM R-6000 AJE.AS105072087    4920AS10
2200070147230622230622121432000000000045450000000000230622130774920      0009690
2301AB. OP.EN COMERCIO                    R-6000 PROPIA, AS105072087    4920AS10
2200070147230622230622175681000000000000200000000000230622130774920      0009691
2301OTROS GASTOS GESTION                  COM R-6000 PRO,AS105072087    4920AS10
22105700892306222306220154110000000002000000000000002306226221057245834770009692
2301DISP.CAJER N/ENTIDAD                  CAJ. 10.57         C030089K359        
2200080147230623230623121432000000000394250000000000230623130774920      0009693
2301AB. OP.EN COMERCIO                    R-VISA AJENA - AS105072087    4920AS10
2200080147230623230623175681000000000001780000000000230623130774920      0009694
2301OTROS GASTOS GESTION                  COM VISA AJENA AS105072087    4920AS10
2200080147230623230623121432000000000013400000000000230623130774920      0009695
2301AB. OP.EN COMERCIO                    R-VISA PROPIA, AS105072087    4920AS10
2200080147230623230623175681000000000000060000000000230623130774920      0009696
2301OTROS GASTOS GESTION                  COM VISA PROPIAAS105072087    4920AS10
2200080147230623230623121432000000000037700000000000230623130774920      0009697
2301AB. OP.EN COMERCIO                    R-6000 PROPIA, AS105072087    4920AS10
2200080147230623230623175681000000000000170000000000230623130774920      0009698
2301OTROS GASTOS GESTION                  COM R-6000 PRO,AS105072087    4920AS10
2200070147230624230624121432000000000551400000000000230626130774920      0009699
2301AB. OP.EN COMERCIO                    R-VISA AJENA - AS105072087    4920AS10
2200070147230624230624175681000000000002480000000000230626130774920      0009700
2301OTROS GASTOS GESTION                  COM VISA AJENA AS105072087    4920AS10
22165700482306242306241254310000000000186600000000002306266241657168961210009701
2301COMP.TPV FISICO NACI                  SUPERMERCADO MASKOM                   
2200050147230625230625121432000000000478400000000000230626130774920      0009702
2301AB. OP.EN COMERCIO                    R-VISA AJENA - AS105072087    4920AS10
2200050147230625230625175681000000000002150000000000230626130774920      0009703
2301OTROS GASTOS GESTION                  COM VISA AJENA AS105072087    4920AS10
2200050147230625230625121432000000000026700000000000230626130774920      0009704
2301AB. OP.EN COMERCIO                    R-6000 PROPIA, AS105072087    4920AS10
2200050147230625230625175681000000000000120000000000230626130774920      0009705
2301OTROS GASTOS GESTION                  COM R-6000 PRO,AS105072087    4920AS10
2217120012230626230626039391000000000212510000000000230626PC00004620060020009706
2301COREEMPRESA MUNICIPAL AGUAS MALAGA SA                                       
2302ES12001A29185519                   103T3171CCOAI0000462006230020001866      
2303OTHR    EMASA Cuenta Contrato 3268055/Calculo del consumo/Ref. Factura 2023E
2304MFF1610725                                                                  
2305                                   FRANCISCO JOSE MORENO RUBIO              
221916000323062623062605531100000000021674000000000023062620230625337051 0009707
2301AMORTIZACION PTMO.                    PRESTAMO  2103-0147-0510005123        
2200060147230627230627121432000000000621400000000000230627130774920      0009708
2301AB. OP.EN COMERCIO                    R-VISA AJENA - AS105072087    4920AS10
2200060147230627230627175681000000000002780000000000230627130774920      0009709
2301OTROS GASTOS GESTION                  COM VISA AJENA AS105072087    4920AS10
22100920322306272306271254310000000000257000000000002306276271009231129360009710
2301COMP.TPV FISICO NACI                  LA TIENDA DE LAS ESPECIAS             
22101020322306272306271254310000000000061000000000002306276271010133404120009711
2301COMP.TPV FISICO NACI                  LA TIENDA DE LAS ESPECIAS             
2200070147230628230628121432000000000342550000000000230628130774920      0009712
2301AB. OP.EN COMERCIO                    R-VISA AJENA - AS105072087    4920AS10
2200070147230628230628175681000000000001520000000000230628130774920      0009713
2301OTROS GASTOS GESTION                  COM VISA AJENA AS105072087    4920AS10
2200070147230628230628121432000000000027600000000000230628130774920      0009714
2301AB. OP.EN COMERCIO                    R-6000 PROPIA, AS105072087    4920AS10
2200070147230628230628175681000000000000120000000000230628130774920      0009715
2301OTROS GASTOS GESTION                  COM R-6000 PRO,AS105072087    4920AS10
2214368076230628230628045901000000000500000000000000230628103T317965318270009716
2301VEGETARIANO EL CALAFATE, S.L.                                     B93480127 
2302                                                                            
2303        MITAD NOMINA JUNIO 2023                                             
2304                                                                            
2305JOSÈ MANUEL JIMÈNEZ ¡LVAREZ                                                 
2200060147230629230629121432000000000349600000000000230629130774920      0009717
2301AB. OP.EN COMERCIO                    R-VISA AJENA - AS105072087    4920AS10
2200060147230629230629175681000000000001570000000000230629130774920      0009718
2301OTROS GASTOS GESTION                  COM VISA AJENA AS105072087    4920AS10
2200060147230629230629121432000000000033300000000000230629130774920      0009719
2301AB. OP.EN COMERCIO                    R-6000 PROPIA, AS105072087    4920AS10
2200060147230629230629175681000000000000150000000000230629130774920      0009720
2301OTROS GASTOS GESTION                  COM R-6000 PRO,AS105072087    4920AS10
22112000892306292306290154110000000003000000000000002306296291120282377030009721
2301DISP.CAJER N/ENTIDAD                  CAJ. 11.20         C030089KB74        
2200070147230630230630121432000000000454300000000000230630130774920      0009722
2301AB. OP.EN COMERCIO                    R-VISA AJENA - AS105072087    4920AS10
2200070147230630230630175681000000000002050000000000230630130774920      0009723
2301OTROS GASTOS GESTION                  COM VISA AJENA AS105072087    4920AS10
2200070147230630230630121432000000000055000000000000230630130774920      0009724
2301AB. OP.EN COMERCIO                    R-6000 PROPIA, AS105072087    4920AS10
2200070147230630230630175681000000000000240000000000230630130774920      0009725
2301OTROS GASTOS GESTION                  COM R-6000 PRO,AS105072087    4920AS10
2203400012230630230630159421000000002196820000000000230630PC00600028060010009726
2301CORETGSS. COTIZACION 001 REGIMEN GENERAL                                    
2302ES75001Q2827003A                   103T3179CCOAI0060002806230010001247      
2303GOVTGOVTCOD. LIQUIDACION: 29202300248973049    PERIODO: 05/2023-05/2023     
2304  AUTORIZADO: 006159                                                        
2305                                   VEGETARIANO EL CALAFATE SL               
22000000482306302306281254310000000000119800000000002306306300923332695800009727
2301COMP.TPV FISICO NACI                  LACARTAPORFA.COM                      
22112000482306302306301254310000000000129500000000002306306301120498944140009728
2301COMP.TPV FISICO NACI                  EURO ASIA ZW                          
3321030147003002743900083000000010991370005000000001150975200000000346537978    
88999999999999999999000320                                                      
